<div style="display:none">PAGEOK</div><style>.alert.top{justify-content:flex-start;align-items:flex-start;font-size:15px;font-weight:500;column-gap:10px;line-height:1.3;margin:0}.alert.top a{text-decoration:underline;color:inherit;font-weight:800;color:#631515}.alert.top a:hover{text-decoration:none}@media (min-width:768px){.alert.top{font-size:17px;justify-content:center;align-items:center;margin-bottom:5px}}@media (min-width:992px){.alert.top{font-size:18px;line-height:1.4}}.round-card{display:flex;flex-direction:column;align-items:center;border-radius:50%;background-color:#e0e0e0;width:var(--size-icon-family);height:var(--size-icon-family)}.round-card a{text-decoration:none;color:inherit}.block_others{position:absolute;top:0;right:0}.block_others a span{display:flex;align-items:center;justify-content:center}</style><header class="header"><div class="header__main"><div class="d-flex gap-2 gap-md-3 align-items-center hearder__navigation d-lg-none"><a class="btn-to-back" href="https://www.bonarea.com"> <span class="icon-header icon-to-back"></span> </a><div class="navbar-nav navbar__list"><div class="navbar__item navbar__item--menu" data-ref="13_300"><a id="nabvar__btn-main" href="#" class="navbar__btn"> <span class="icon-header icon-menu"></span> <span class="d-none d-lg-block">Menú categories</span> </a></div></div></div><div id="header_logo" class="header__brand"><a class="header__logo" href="/ca"> <picture> <img class="header__image" src="/Content/img/logo-bonArea-alimenta.svg"> </picture> </a></div><div id="search_block_top" class="header__searchbox"><div class="searchbox"><form autocomplete="off"><input class="searchbox__search-query-top" type="text" id="search-query" placeholder="Què estàs buscant?" autocomplete="off"> <button type="reset" class="searchbox__btn-delete" style="display:none"> <img class="searchbox__img" src="/Content/img/icon-close-search.svg" alt="close" title="close"> </button> <button type="button" name="submit_search" class="btn icon-seach searchbox__btn-search"> <span>Buscar</span> </button></form></div></div><div id="block-shopping-cart" class="header__right ms-auto"><div class="d-none d-md-block"><div class="d-none d-lg-block"><a href="/es/shop/shopping" class="header__btn">Español</a></div><div class="d-block d-lg-none"><a href="#" onclick="location.href='/es/shop/shopping'" class="header__btn">Español</a></div></div><div class="dropdown dropdown-header-btn"><a href="/ca/Shop/QuickPurchase" class="d-none d-lg-flex btn-quick-purchase header__btn" type="button" data-bs-toggle="dropdown"> <i class="icon-header icon-quick-purchase"></i><strong class="d-none d-lg-block">Compra ràpida</strong> <span class="d-none d-xl-block"><svg xmlns="http://www.w3.org/2000/svg" width="10" height="10" viewBox="0 0 10 10"><path d="M8.47,2.47c.29-.29,.77-.29,1.06,0,.29,.29,.29,.77,0,1.06l-4.53,4.53L.47,3.53c-.29-.29-.29-.77,0-1.06,.29-.29,.77-.29,1.06,0l3.47,3.47,3.47-3.47h0Z" fill="currentColor"></path></svg></span> </a> <a class="d-flex d-lg-none btn-quick-purchase header__btn" href="/Index/Shop/LastsPurchases"> <i class="icon-header icon-quick-purchase"></i> </a><ul class="dropdown-menu dropdown-btn-header__list"><li class="dropdown-header-btn__item"><a href="/ca/Shop/lastspurchases">Últimes compres</a></li><li class="dropdown-header-btn__item"><a href="/ca/Shop/lists">Llistes de la compra</a></li><li class="dropdown-header-btn__item"><a href="/ca/Shop/QuickPurchase">Recomanats</a></li></ul></div><div class="dropdown dropdown-header-btn dropdown-header-btn--profile btn-identificador-desktop"><a class="btn-profile header__btn" data-bs-toggle="dropdown" data-bs-auto-close="outside"> <i class="icon-header icon-profile icon-profile--disable"></i> <span class="d-none d-lg-block">Identifica't</span> <span class="d-none d-xl-block"><svg xmlns="http://www.w3.org/2000/svg" width="10" height="10" viewBox="0 0 10 10"><path d="M8.47,2.47c.29-.29,.77-.29,1.06,0,.29,.29,.29,.77,0,1.06l-4.53,4.53L.47,3.53c-.29-.29-.29-.77,0-1.06,.29-.29,.77-.29,1.06,0l3.47,3.47,3.47-3.47h0Z" fill="currentColor"></path></svg></span> </a><div class="dropdown-menu dropdown-login identificador-desktop"><button type="button" class="btn-close d-block d-lg-none" data-bs-toggle="dropdown" data-bs-target="" aria-label="Close"></button><h4 class="dropdown-login__title h4">Identifica't</h4><div class="field"><div class="field__label">Usuari/mail</div><input id="txtUser" class="form-control field__input" type="text"></div><div class="field"><div class="field__label">Contrasenya</div><div class="content-input-password position-relative"><input type="password" name="pwd" id="txtPassword" class="form-control field__input"> <span class="btn-pwd-eye"> <i id="show_eye"> <svg xmlns="http://www.w3.org/2000/svg" width="16" height="16" fill="currentColor" class="bi bi-eye-fill" viewBox="0 0 16 16"><path d="M10.5 8a2.5 2.5 0 1 1-5 0 2.5 2.5 0 0 1 5 0z"></path><path d="M0 8s3-5.5 8-5.5S16 8 16 8s-3 5.5-8 5.5S0 8 0 8zm8 3.5a3.5 3.5 0 1 0 0-7 3.5 3.5 0 0 0 0 7z"></path></svg> </i> <i class="d-none" id="hide_eye"> <svg xmlns="http://www.w3.org/2000/svg" width="16" height="16" fill="currentColor" class="bi bi-eye-slash-fill" viewBox="0 0 16 16"><path d="m10.79 12.912-1.614-1.615a3.5 3.5 0 0 1-4.474-4.474l-2.06-2.06C.938 6.278 0 8 0 8s3 5.5 8 5.5a7.029 7.029 0 0 0 2.79-.588zM5.21 3.088A7.028 7.028 0 0 1 8 2.5c5 0 8 5.5 8 5.5s-.939 1.721-2.641 3.238l-2.062-2.062a3.5 3.5 0 0 0-4.474-4.474L5.21 3.089z"></path><path d="M5.525 7.646a2.5 2.5 0 0 0 2.829 2.829l-2.83-2.829zm4.95.708-2.829-2.83a2.5 2.5 0 0 1 2.829 2.829zm3.171 6-12-12 .708-.708 12 12-.708.708z"></path></svg> </i> </span></div></div><div class="alert alert-danger" style="display:none" id="divErrorLoginDropDown1"><label for="email" class="required" id="lblErrorLoginDropDown1"></label></div><div class="field d-flex gap-3 mb-4 mb-md-3"><div class="checkbox checkbox-login flex-shrink-1"><input type="checkbox" id="chkRemember" value="S" checked=""> <label for="chkRemember" class="js-check-remember no-select">Recorda'm</label></div><a href="#" class="link-key flex-shrink-1" onclick="location.href='/ca/shop/recoverpassword'"> No recordo la meva contrassenya</a></div><div class="dropdown-login__btn"><a id="btnValidateClient" class="btn btn-identificat w-100">Identifica't</a></div><div class="text-center"><span>No ets client de bonÀrea encara?</span> <a href="#" class="link-register d-block d-md-inline-block" onclick="location.href='/ca/shop/register'">Registra't</a></div><div class="d-flex flex-column d-lg-none text-center mt-5 dropdown-login__list"><a href="#" onclick="location.href='/ca/shop/Help'">T'ajudem</a> <a href="#" onclick="location.href='/ca/shop/faq'">Devolucions</a><div class="d-none d-lg-block"><a href="/es/shop/shopping" class="header__btn">Español</a></div><div class="d-block d-lg-none"><a href="#" onclick="location.href='/es/shop/shopping'" class="header__btn">Español</a></div></div></div></div><div class="carret-bonarea-container" onclick="openCarret()"><div class="btn-cart btn-cart--disable"><div class="divShoppingCart icon-header icon-cart"></div></div></div><div id="close-navCard-backdrop" class="navCard-backdrop"></div><div id="cart-option-panel" class="dropdown-menu submenu-shopping-cart carret-options-panel"><div class="header-cart"><div class="row mt-auto"><div class="col"><div class="d-flex gap-2 align-items-end"><h4 class="header-cart__title">El teu carret</h4><div class="header-cart__total-articles">(<span class="divArticlesAndPrice1">0</span>&nbsp;articles)</div></div><a href="javascript:void(null)" id="btnEmptyShoppingCart1" class="btn-empty">Buidar el carret</a></div><div class="col-auto ms-auto"><a class="btn-close-carret" style="cursor:pointer" onclick="closeCarret()"><img src="/Content/img/icon-close.svg"><div class="text-close">Tancar</div></a></div></div></div><div id="divCart" class="articles-carret-list"><div class="content-cart-empty"><img class="text-center m-b-20" src="/Content/checkout/icon-cart-empty-V02.png"><p>No tens cap producte afegit al seu carro, comença a afegir productes</p></div></div><div class="cart_extras"><div class="comandes-superiors-gratuit"><div class="alert alert-info m-0 gap-2 d-none"><span><span class="circle-16 icon-exclamation b-c-blue i-info-white"></span> </span> <span> Gratis a domicili a partir de 150 € <strong> (falta 150,00 €) </strong> </span></div></div><div class="content-cart-extras gap-2 d-none"><a href="/ca/shop/faq/price"> <span class="icon-exclamation icon-exclamation-primary"></span> </a><div class="d-flex gap-2"><div>Aigua <span class="content-cart-extras__number" id="divWeightLitersLIQUIDS">0L</span></div><div>Articles pesants <span class="content-cart-extras__number" id="divWeightKilosPETFOODS">0K</span></div></div></div></div><div class="content-cart-total"><div class="subtitle bold">Import productes<span id="spanPrice" style="float:right">0,00 €</span></div><input type="button" id="btnCheckOrder" class="btn-checkout" value="Finalitzar la compra"></div></div></div></div><div class="collapse navbar-collapse navbar-menu-phone" id="navbarMenuPhone"><div class="navbar-menu-phone__header"><h5>Menu</h5><button id="close-menu-btn-mobile" type="button" class="btn-close" data-bs-toggle="collapse" data-bs-target="#navbarMenuPhone" aria-label="Close"></button></div><div><h6 class="navbar-menu-phone__subtitle">Suggeriments</h6><div class="navbar-menu-phone__list mb-2"><div class="navbar__item"><a class="navbar__btn section-btn-phone__btn" href="/ca/shop/shopping/13_205"> <span> <svg xmlns="http://www.w3.org/2000/svg" width="24.07" height="24.07" viewBox="0 0 24.07 24.07"><path d="M12.03,1.12c-2.99,0-5.7,1.21-7.67,3.15,0,0,0,0-.01,0,0,0,0,0,0,0-1.99,1.98-3.23,4.72-3.23,7.75,0,6.03,4.89,10.92,10.92,10.92,6.03,0,10.92-4.89,10.92-10.92,0-6.03-4.89-10.92-10.92-10.92ZM5.02,19.05c-1.8-1.8-2.9-4.27-2.9-7.01,0-2.58,.99-4.91,2.6-6.68l4.2,4.2s.08,.06,.12,.08l-.34,.52s0,.03-.01,.05c-.09-.14-.25-.22-.42-.22-.17,0-.33,.08-.42,.23l-1.52,2.32s-.01,.06-.03,.09h-.02c-.11,.25-.17,.54-.17,.83,0,1.03,.72,1.89,1.69,2.1l-2.41,2.41c-.2,.2-.2,.51,0,.71,.2,.2,.51,.2,.71,0l2.41-2.41c.21,.96,1.07,1.69,2.1,1.69,.3,0,.58-.06,.84-.17v-.02s.05,0,.08-.03l2.32-1.52c.14-.09,.23-.25,.23-.42,0-.17-.08-.32-.22-.41,.02,0,.03,0,.05-.01l.52-.34s.05,.09,.08,.12l4.2,4.2c-1.76,1.61-4.1,2.6-6.68,2.6-2.74,0-5.22-1.11-7.01-2.9ZM15.4,7.03c.11-.11,.23-.19,.37-.24l1.91-.4-.39,1.91c-.06,.13-.13,.26-.24,.37-.23,.23-.52,.34-.82,.34-.3,0-.59-.11-.82-.34-.23-.23-.34-.53-.34-.84,0-.28,.11-.56,.34-.79Zm-4.35,9.83c-.13,.05-.28,.09-.43,.09-.64,0-1.15-.52-1.15-1.15,0-.64,.52-1.15,1.16-1.16,.15,0,.3,.03,.43,.09l1.63,1.07-1.63,1.07Zm-3.84-3.84l1.07-1.63,1.07,1.63c.05,.13,.09,.28,.09,.43,0,.64-.52,1.15-1.16,1.16-.64,0-1.15-.52-1.15-1.15,0-.15,.03-.3,.09-.43Zm6.02-1.73c-.08,0-.16-.02-.24-.02-.07,0-.14,.01-.21,.02,0-.07,.02-.14,.02-.21,0-.08-.02-.16-.02-.24,.08,0,.16,.02,.24,.02,.07,0,.14-.01,.21-.02,0,.07-.02,.14-.02,.21,0,.08,.02,.16,.02,.24Zm-2.37,2.37c-.08,0-.16-.02-.24-.02-.07,0-.14,.01-.21,.02,0-.07,.02-.14,.02-.21,0-.08-.02-.16-.02-.24,.08,0,.16,.02,.24,.02,.07,0,.14-.01,.21-.02,0,.07-.02,.14-.02,.21,0,.08,.02,.16,.02,.24Zm2.56,.83c-.13,.05-.28,.09-.43,.09-.64,0-1.15-.52-1.15-1.15,0-.64,.52-1.15,1.15-1.16,.15,0,.3,.03,.43,.09l1.63,1.07-1.63,1.07Zm2.37-2.37c-.13,.05-.28,.09-.43,.09-.64,0-1.15-.52-1.16-1.16,0-.64,.52-1.15,1.16-1.15,.15,0,.3,.03,.43,.09l1.63,1.07-1.63,1.07Zm-1.7-3.84c.05,.13,.09,.28,.09,.43,0,.64-.52,1.15-1.15,1.16-.64,0-1.15-.52-1.16-1.16,0-.15,.03-.3,.09-.43l1.07-1.63,1.07,1.63Zm-2.37,2.37c.05,.13,.09,.28,.09,.43,0,.64-.52,1.15-1.16,1.15-.64,0-1.15-.52-1.16-1.15,0-.15,.03-.3,.09-.43l1.07-1.63,1.07,1.63Zm7.7,7.99l-4.16-4.16,.97-.64c.14-.09,.23-.25,.23-.42s-.08-.32-.22-.42c.02,0,.04,0,.05-.02l2.32-1.52c.14-.09,.23-.25,.23-.42,0-.17-.08-.33-.23-.42l-1.36-.89c.18-.1,.35-.21,.5-.36,.21-.21,.37-.46,.47-.72h-.02s.04-.06,.04-.09l.56-2.72c.03-.17-.02-.34-.14-.46-.12-.12-.29-.17-.46-.14l-2.72,.56s-.05,.03-.08,.04v-.02c-.27,.11-.51,.26-.72,.47-.15,.15-.26,.32-.36,.5l-.89-1.36c-.09-.14-.25-.23-.42-.23-.17,0-.33,.08-.42,.23l-1.52,2.32s0,.04-.02,.05c-.09-.14-.25-.23-.42-.22-.17,0-.33,.08-.42,.23l-.64,.97L5.43,4.65c1.76-1.57,4.06-2.53,6.61-2.53,2.74,0,5.22,1.11,7.01,2.9,1.8,1.8,2.9,4.27,2.9,7.01,0,2.54-.96,4.85-2.54,6.61Z" fill="currentColor"></path></svg> </span> <span>Sense gluten</span> <i class="icon-angle-right ms-auto"></i> </a></div><div class="navbar__item"><a class="navbar__btn section-btn-phone__btn" href="/ca/shop/shopping/13_240"> <span> <svg xmlns="http://www.w3.org/2000/svg" width="24.07" height="24.07" viewBox="0 0 24.07 24.07"><path d="M22.65,10.15c-.66-.23-1.36-.3-2.05-.2,1.15,5.24-2.16,10.42-7.4,11.58-.69,.15-1.39,.23-2.1,.23h-.12c-5.37-.07-9.67-4.48-9.6-9.86S5.86,2.24,11.24,2.31c1.63,.02,3.22,.45,4.64,1.25l-.61,1.08c-1.24-.7-2.63-1.07-4.05-1.09h-.11c-4.69-.03-8.51,3.75-8.54,8.43-.03,4.69,3.75,8.51,8.43,8.54h.11c4.69,0,8.49-3.82,8.48-8.51v-.18c-3.42,4.85-8.24,4.17-13.61,4.01,2.3-5.47,4.31-7.6,12.94-7.4,.1,0,.21,.01,.31,.03-3.83,.06-7.47,1.7-10.05,4.53h0c3.8-2.94,8.59-4.29,13.37-3.76,.13,.29,.17,.61,.1,.92Z" fill="#cbb666"></path></svg> </span> <span>Gourmet</span> <i class="icon-angle-right ms-auto"></i> </a></div><div class="navbar__item"><a class="navbar__btn section-btn-phone__btn" href="/ca/shop/QuickPurchase"> <span> <svg xmlns="http://www.w3.org/2000/svg" width="24.07" height="24.07" viewBox="0 0 24.07 24.07"><path d="M18.74,11.85h0s0,0,0,0h0Zm.25-.63c0,.22-.08,.45-.25,.63l-10.05,10.77h0c-.17,.18-.41,.27-.65,.27l-.27-.04h0c-.4-.12-.66-.49-.66-.88l.04-.27h0s2.66-7.94,2.66-7.94h-3.93l-.11-.05-.3-.12-.09-.08c-.19-.18-.3-.43-.29-.68,0-.22,.08-.45,.25-.63h0S15.38,1.45,15.38,1.45h0c.18-.18,.41-.28,.65-.28l.27,.04c.4,.12,.66,.49,.66,.88l-.04,.27h0s-2.66,7.94-2.66,7.94h3.93l.11,.05,.3,.12,.09,.08c.19,.18,.3,.43,.29,.68Zm-10.04,9.22l8.25-8.84h-3.47c-.51,0-.92-.41-.92-.92v-.03s0-.04,0-.04v-.04s.03-.14,.03-.14l2.28-6.81L6.88,12.47h3.47c.5,0,.89,.4,.91,.89h0s0,.07,0,.07v.07s-.03,.14-.03,.14l-2.28,6.81Zm-2.66-7.34h0s0,0,0,0Zm1.5,9.76h0s0,0,0,0h.01Z" fill="#eb4c5c"></path></svg> </span> <span>Més venuts</span> <i class="icon-angle-right ms-auto"></i> </a></div><div class="navbar__item"><a class="navbar__btn section-btn-phone__btn" href="/ca/shop/shopping/13_97"> <span> <svg xmlns="http://www.w3.org/2000/svg" width="24.07" height="24.07" viewBox="0 0 24.07 24.07"><path d="M14.64,9.53l-3.63,3.62-1.58-1.58c-.25-.25-.67-.25-.92,0s-.25,.67,0,.92l2.5,2.5,4.55-4.54c.25-.25,.25-.67,0-.92-.25-.25-.67-.25-.92,0Z" fill="#4c9c2e"></path><path d="M22.27,11.18c-.11-.17-.26-.32-.43-.43l-2.45-1.63c-.08-.05-.12-.15-.1-.24l.58-2.88c.17-.83-.38-1.64-1.21-1.81-.2-.04-.4-.04-.6,0l-2.88,.58c-.1,.02-.19-.02-.24-.1l-1.63-2.45c-.47-.7-1.42-.9-2.13-.43-.18,.11-.32,.26-.43,.43l-1.63,2.44c-.05,.08-.15,.12-.24,.1l-2.88-.58c-.83-.17-1.64,.37-1.81,1.2-.04,.2-.04,.41,0,.61l.58,2.88c.02,.09-.02,.19-.1,.24l-2.45,1.63c-.7,.47-.9,1.42-.43,2.13,.11,.17,.26,.32,.43,.43l2.45,1.63c.08,.05,.12,.15,.1,.24l-.58,2.88c-.17,.83,.36,1.65,1.2,1.82,.2,.04,.4,.04,.6,0l2.88-.58c.09-.02,.19,.02,.24,.1l1.63,2.45c.3,.44,.78,.69,1.28,.69,.29,0,.59-.08,.85-.26,.17-.11,.31-.26,.43-.43l1.63-2.45c.05-.08,.15-.11,.24-.1l2.88,.58c.83,.16,1.64-.37,1.81-1.2,.04-.2,.04-.41,0-.61l-.58-2.88c-.02-.1,.02-.19,.1-.24l2.45-1.63c.7-.47,.9-1.42,.43-2.13Zm-1.15,1.04l-2.45,1.63c-.53,.35-.79,.97-.66,1.59l.58,2.97c-.03,.13-.15,.21-.28,.19l-2.88-.58c-.61-.12-1.23,.13-1.58,.65l-1.69,2.51c-.11,.07-.26,.04-.33-.07l-1.63-2.45c-.29-.43-.77-.68-1.27-.68-.1,0-.2,0-.3,.03l-2.97,.58c-.13-.03-.21-.15-.18-.29l.58-2.88c.12-.61-.13-1.23-.65-1.58l-2.51-1.69c-.07-.11-.04-.26,.07-.33l2.45-1.63c.52-.35,.78-.97,.65-1.58l-.58-2.97c.03-.13,.15-.21,.28-.19l2.88,.58c.61,.12,1.23-.14,1.58-.65l1.7-2.51c.11-.07,.26-.04,.33,.07l1.63,2.45c.35,.52,.96,.78,1.58,.65l2.97-.58c.13,.03,.21,.15,.19,.28l-.58,2.88c-.12,.61,.13,1.23,.65,1.58l2.51,1.69c.07,.11,.04,.25-.07,.33Z" fill="#4c9c2e"></path></svg> </span> <span>Novetats</span> <i class="icon-angle-right ms-auto"></i> </a></div><div class="navbar__item"><a class="navbar__btn section-btn-phone__btn" href="/ca/shop/recipe"> <span> <svg xmlns="http://www.w3.org/2000/svg" width="24.07" height="24.07" viewBox="0 0 24.07 24.07"><path d="M22.59,9.5c-.06-1.49-.76-2.89-1.86-3.77-1.14-1.22-2.84-1.74-4.45-1.39-.71-.99-1.74-1.69-2.93-2-1.36-.35-2.77-.16-3.98,.55-.63,.37-1.17,.86-1.59,1.45-1.61-.35-3.3,.17-4.38,1.33-1.07,.84-1.74,2.05-1.9,3.41-.16,1.35,.22,2.68,1.07,3.75,.77,.97,1.86,1.62,3.06,1.84v4.97c0,1.26,1.02,2.28,2.28,2.28h8.24c1.26,0,2.28-1.02,2.28-2.28v-4.99c2.39-.51,4.14-2.61,4.15-5.11v-.03Zm-6.44,11.11H7.92c-.54,0-.98-.44-.98-.98v-1.63h10.2v1.63c0,.54-.44,.98-.98,.98Zm1.57-7.17l-.58,.06v3.2H6.94v-3.22l-.61-.04c-1.07-.07-2.07-.59-2.73-1.43-.63-.79-.91-1.79-.79-2.79,.12-1.01,.62-1.91,1.48-2.6,.66-.7,1.57-1.08,2.5-1.08,.36,0,.72,.06,1.07,.17l.5,.17,.27-.45c.34-.58,.83-1.07,1.41-1.41,.91-.53,1.97-.68,2.99-.42,1.02,.27,1.88,.91,2.41,1.82l.27,.45,.5-.17c1.27-.42,2.67-.06,3.64,.97,.87,.71,1.39,1.75,1.44,2.86-.02,2.02-1.55,3.7-3.57,3.9Z" fill="#4c9c2e"></path></svg> </span> <span>Receptes</span> <i class="icon-angle-right ms-auto"></i> </a></div></div><h6 class="navbar-menu-phone__subtitle">Comprar per categories</h6><ul class="navbar-nav navbar-menu-phone__list"><li class="nav-item navbar-menu-phone__item"><button class="button-menu-phone d-flex align-items-center" data-bs-toggle="collapse" data-ref="13*300" data-bs-target="#icon-food-collapse" aria-expanded="false" aria-current="true"> <img class="button-menu-phone__icon" src="/Content/iconos/family/icon-food.png" alt="icon-food bonÀrea" title="bonÀrea Alimentació"> <span>Alimentació</span> <i class="icon-angle-right ms-auto"></i> </button><div class="collapse" id="icon-food-collapse"><ul class="navbar-menu-phone__list navbar-menu-phone__list--line"><li class="navbar-menu-phone__item--line"><a class="link-menu-phone d-flex" href="/categories/carns-i-ous/13_300_010"> <span>Carns i ous </span><i class="icon-angle-right ms-auto"></i> </a></li><li class="navbar-menu-phone__item--line"><a class="link-menu-phone d-flex" href="/categories/embotits-i-xarcuteria/13_300_020"> <span>Embotits i xarcuteria </span><i class="icon-angle-right ms-auto"></i> </a></li><li class="navbar-menu-phone__item--line"><a class="link-menu-phone d-flex" href="/categories/cuinats/13_300_230"> <span>Cuinats </span><i class="icon-angle-right ms-auto"></i> </a></li><li class="navbar-menu-phone__item--line"><a class="link-menu-phone d-flex" href="/categories/brous-cremes-i-pures/13_300_180"> <span>Brous, cremes i purés </span><i class="icon-angle-right ms-auto"></i> </a></li><li class="navbar-menu-phone__item--line"><a class="link-menu-phone d-flex" href="/categories/cafe-i-infusions/13_300_030"> <span>Cafè i infusions </span><i class="icon-angle-right ms-auto"></i> </a></li><li class="navbar-menu-phone__item--line"><a class="link-menu-phone d-flex" href="/categories/congelats/13_300_190"> <span>Congelats </span><i class="icon-angle-right ms-auto"></i> </a></li><li class="navbar-menu-phone__item--line"><a class="link-menu-phone d-flex" href="/categories/conserves/13_300_040"> <span>Conserves </span><i class="icon-angle-right ms-auto"></i> </a></li><li class="navbar-menu-phone__item--line"><a class="link-menu-phone d-flex" href="/categories/formatges/13_300_050"> <span>Formatges </span><i class="icon-angle-right ms-auto"></i> </a></li><li class="navbar-menu-phone__item--line"><a class="link-menu-phone d-flex" href="/categories/fruita-i-verdura/13_300_060"> <span>Fruita i verdura </span><i class="icon-angle-right ms-auto"></i> </a></li><li class="navbar-menu-phone__item--line"><a class="link-menu-phone d-flex" href="/categories/fruita-seca-i-patates-xips/13_300_070"> <span>Fruita seca i patates xips </span><i class="icon-angle-right ms-auto"></i> </a></li><li class="navbar-menu-phone__item--line"><a class="link-menu-phone d-flex" href="/categories/llaminadures-i-xiclets/13_300_090"> <span>Llaminadures i xiclets </span><i class="icon-angle-right ms-auto"></i> </a></li><li class="navbar-menu-phone__item--line"><a class="link-menu-phone d-flex" href="/categories/llegums-secs-i-arrossos/13_300_100"> <span>Llegums secs i arrossos </span><i class="icon-angle-right ms-auto"></i> </a></li><li class="navbar-menu-phone__item--line"><a class="link-menu-phone d-flex" href="/categories/lactics-i-derivats/13_300_080"> <span>Làctics i derivats </span><i class="icon-angle-right ms-auto"></i> </a></li><li class="navbar-menu-phone__item--line"><a class="link-menu-phone d-flex" href="/categories/oli-i-condiments/13_300_110"> <span>Oli i condiments </span><i class="icon-angle-right ms-auto"></i> </a></li><li class="navbar-menu-phone__item--line"><a class="link-menu-phone d-flex" href="/categories/pa/13_300_120"> <span>Pa </span><i class="icon-angle-right ms-auto"></i> </a></li><li class="navbar-menu-phone__item--line"><a class="link-menu-phone d-flex" href="/categories/pasta-i-farines/13_300_140"> <span>Pasta i farines </span><i class="icon-angle-right ms-auto"></i> </a></li><li class="navbar-menu-phone__item--line"><a class="link-menu-phone d-flex" href="/categories/pastisseria-galetes-i-cereals/13_300_130"> <span>Pastisseria, galetes i cereals </span><i class="icon-angle-right ms-auto"></i> </a></li><li class="navbar-menu-phone__item--line"><a class="link-menu-phone d-flex" href="/categories/rebosteria/13_300_210"> <span>Rebosteria </span><i class="icon-angle-right ms-auto"></i> </a></li><li class="navbar-menu-phone__item--line"><a class="link-menu-phone d-flex" href="/categories/salses/13_300_150"> <span>Salses </span><i class="icon-angle-right ms-auto"></i> </a></li><li class="navbar-menu-phone__item--line"><a class="link-menu-phone d-flex" href="/categories/sector-nado-i-infantil/13_300_160"> <span>Sector nadó i infantil </span><i class="icon-angle-right ms-auto"></i> </a></li><li class="navbar-menu-phone__item--line"><a class="link-menu-phone d-flex" href="/categories/veggie/13_300_200"> <span>Veggie </span><i class="icon-angle-right ms-auto"></i> </a></li><li class="navbar-menu-phone__item--line"><a class="link-menu-phone d-flex" href="/categories/xocolata-i-cacau/13_300_170"> <span>Xocolata i cacau </span><i class="icon-angle-right ms-auto"></i> </a></li></ul></div></li><li class="nav-item navbar-menu-phone__item"><button class="button-menu-phone d-flex align-items-center" data-bs-toggle="collapse" data-ref="13*310" data-bs-target="#icon-cooked-collapse" aria-expanded="false" aria-current="true"> <img class="button-menu-phone__icon" src="/Content/iconos/family/icon-cooked.png" alt="icon-cooked bonÀrea" title="bonÀrea Cuinats"> <span>Cuinats</span> <i class="icon-angle-right ms-auto"></i> </button><div class="collapse" id="icon-cooked-collapse"><ul class="navbar-menu-phone__list navbar-menu-phone__list--line"><li class="navbar-menu-phone__item--line"><a class="link-menu-phone d-flex" href="/categories/pizzes-i-truites/13_310_030"> <span>Pizzes i truites </span><i class="icon-angle-right ms-auto"></i> </a></li><li class="navbar-menu-phone__item--line"><a class="link-menu-phone d-flex" href="/categories/plats-internacionals/13_310_050"> <span>Plats internacionals </span><i class="icon-angle-right ms-auto"></i> </a></li><li class="navbar-menu-phone__item--line"><a class="link-menu-phone d-flex" href="/categories/plats-unics-i-complements/13_310_040"> <span>Plats únics i complements </span><i class="icon-angle-right ms-auto"></i> </a></li><li class="navbar-menu-phone__item--line"><a class="link-menu-phone d-flex" href="/categories/primers-plats/13_310_020"> <span>Primers plats </span><i class="icon-angle-right ms-auto"></i> </a></li><li class="navbar-menu-phone__item--line"><a class="link-menu-phone d-flex" href="/categories/segons-plats/13_310_010"> <span>Segons plats </span><i class="icon-angle-right ms-auto"></i> </a></li></ul></div></li><li class="nav-item navbar-menu-phone__item"><button class="button-menu-phone d-flex align-items-center" data-bs-toggle="collapse" data-ref="13*320" data-bs-target="#icon-drinks-collapse" aria-expanded="false" aria-current="true"> <img class="button-menu-phone__icon" src="/Content/iconos/family/icon-drinks.png" alt="icon-drinks bonÀrea" title="bonÀrea Begudes"> <span>Begudes</span> <i class="icon-angle-right ms-auto"></i> </button><div class="collapse" id="icon-drinks-collapse"><ul class="navbar-menu-phone__list navbar-menu-phone__list--line"><li class="navbar-menu-phone__item--line"><a class="link-menu-phone d-flex" href="/categories/aigua/13_320_010"> <span>Aigua </span><i class="icon-angle-right ms-auto"></i> </a></li><li class="navbar-menu-phone__item--line"><a class="link-menu-phone d-flex" href="/categories/alcoholiques-d-alta-graduacio/13_320_020"> <span>Alcohòliques d'alta graduació </span><i class="icon-angle-right ms-auto"></i> </a></li><li class="navbar-menu-phone__item--line"><a class="link-menu-phone d-flex" href="/categories/begudes-refrescants/13_320_030"> <span>Begudes refrescants </span><i class="icon-angle-right ms-auto"></i> </a></li><li class="navbar-menu-phone__item--line"><a class="link-menu-phone d-flex" href="/categories/cava-i-vins-escumosos/13_320_040"> <span>Cava i vins escumosos </span><i class="icon-angle-right ms-auto"></i> </a></li><li class="navbar-menu-phone__item--line"><a class="link-menu-phone d-flex" href="/categories/cervesa/13_320_050"> <span>Cervesa </span><i class="icon-angle-right ms-auto"></i> </a></li><li class="navbar-menu-phone__item--line"><a class="link-menu-phone d-flex" href="/categories/sangria/13_320_060"> <span>Sangria </span><i class="icon-angle-right ms-auto"></i> </a></li><li class="navbar-menu-phone__item--line"><a class="link-menu-phone d-flex" href="/categories/sucs-i-nectars/13_320_070"> <span>Sucs i nèctars </span><i class="icon-angle-right ms-auto"></i> </a></li><li class="navbar-menu-phone__item--line"><a class="link-menu-phone d-flex" href="/categories/vermuts/13_320_080"> <span>Vermuts </span><i class="icon-angle-right ms-auto"></i> </a></li><li class="navbar-menu-phone__item--line"><a class="link-menu-phone d-flex" href="/categories/vi-aromatitzat/13_320_120"> <span>Vi aromatitzat </span><i class="icon-angle-right ms-auto"></i> </a></li><li class="navbar-menu-phone__item--line"><a class="link-menu-phone d-flex" href="/categories/vi-blanc/13_320_090"> <span>Vi blanc </span><i class="icon-angle-right ms-auto"></i> </a></li><li class="navbar-menu-phone__item--line"><a class="link-menu-phone d-flex" href="/categories/vi-negre/13_320_100"> <span>Vi negre </span><i class="icon-angle-right ms-auto"></i> </a></li><li class="navbar-menu-phone__item--line"><a class="link-menu-phone d-flex" href="/categories/vi-rosat/13_320_110"> <span>Vi rosat </span><i class="icon-angle-right ms-auto"></i> </a></li></ul></div></li><li class="nav-item navbar-menu-phone__item"><button class="button-menu-phone d-flex align-items-center" data-bs-toggle="collapse" data-ref="13*330" data-bs-target="#icon-drugstore-collapse" aria-expanded="false" aria-current="true"> <img class="button-menu-phone__icon" src="/Content/iconos/family/icon-drugstore.png" alt="icon-drugstore bonÀrea" title="bonÀrea Drogueria"> <span>Drogueria</span> <i class="icon-angle-right ms-auto"></i> </button><div class="collapse" id="icon-drugstore-collapse"><ul class="navbar-menu-phone__list navbar-menu-phone__list--line"><li class="navbar-menu-phone__item--line"><a class="link-menu-phone d-flex" href="/categories/ambientadors-i-deshumidificadors/13_330_010"> <span>Ambientadors i deshumidificadors </span><i class="icon-angle-right ms-auto"></i> </a></li><li class="navbar-menu-phone__item--line"><a class="link-menu-phone d-flex" href="/categories/cel-luloses-per-la-llar/13_330_020"> <span>Cel·luloses per la llar </span><i class="icon-angle-right ms-auto"></i> </a></li><li class="navbar-menu-phone__item--line"><a class="link-menu-phone d-flex" href="/categories/detergents-i-altres-per-a-la-roba/13_330_030"> <span>Detergents i altres per a la roba </span><i class="icon-angle-right ms-auto"></i> </a></li><li class="navbar-menu-phone__item--line"><a class="link-menu-phone d-flex" href="/categories/espelmes/13_330_040"> <span>Espelmes </span><i class="icon-angle-right ms-auto"></i> </a></li><li class="navbar-menu-phone__item--line"><a class="link-menu-phone d-flex" href="/categories/estris-de-neteja/13_330_060"> <span>Estris de neteja </span><i class="icon-angle-right ms-auto"></i> </a></li><li class="navbar-menu-phone__item--line"><a class="link-menu-phone d-flex" href="/categories/insecticides-per-la-llar/13_330_070"> <span>Insecticides per la llar </span><i class="icon-angle-right ms-auto"></i> </a></li><li class="navbar-menu-phone__item--line"><a class="link-menu-phone d-flex" href="/categories/lleixius-i-desinfectants/13_330_080"> <span>Lleixius i desinfectants </span><i class="icon-angle-right ms-auto"></i> </a></li><li class="navbar-menu-phone__item--line"><a class="link-menu-phone d-flex" href="/categories/netejadors-de-la-llar/13_330_090"> <span>Netejadors de la llar </span><i class="icon-angle-right ms-auto"></i> </a></li><li class="navbar-menu-phone__item--line"><a class="link-menu-phone d-flex" href="/categories/productes-d-un-sol-us/13_330_050"> <span>Productes d'un sol ús </span><i class="icon-angle-right ms-auto"></i> </a></li><li class="navbar-menu-phone__item--line"><a class="link-menu-phone d-flex" href="/categories/productes-pel-calcat/13_330_100"> <span>Productes pel calçat </span><i class="icon-angle-right ms-auto"></i> </a></li><li class="navbar-menu-phone__item--line"><a class="link-menu-phone d-flex" href="/categories/rentaplats/13_330_110"> <span>Rentaplats </span><i class="icon-angle-right ms-auto"></i> </a></li><li class="navbar-menu-phone__item--line"><a class="link-menu-phone d-flex" href="/categories/sal-descalcificadors/13_330_120"> <span>Sal descalcificadors </span><i class="icon-angle-right ms-auto"></i> </a></li></ul></div></li><li class="nav-item navbar-menu-phone__item"><button class="button-menu-phone d-flex align-items-center" data-bs-toggle="collapse" data-ref="13*340" data-bs-target="#icon-cosmetic-collapse" aria-expanded="false" aria-current="true"> <img class="button-menu-phone__icon" src="/Content/iconos/family/icon-cosmetic.png" alt="icon-cosmetic bonÀrea" title="bonÀrea Higiene i cosmètica"> <span>Higiene i cosmètica</span> <i class="icon-angle-right ms-auto"></i> </button><div class="collapse" id="icon-cosmetic-collapse"><ul class="navbar-menu-phone__list navbar-menu-phone__list--line"><li class="navbar-menu-phone__item--line"><a class="link-menu-phone d-flex" href="/categories/higiene-i-cosmetica/13_340_010"> <span>Higiene i cosmètica </span><i class="icon-angle-right ms-auto"></i> </a></li><li class="navbar-menu-phone__item--line"><a class="link-menu-phone d-flex" href="/categories/parafarmacia/13_340_020"> <span>Parafarmàcia </span><i class="icon-angle-right ms-auto"></i> </a></li></ul></div></li><li class="nav-item navbar-menu-phone__item"><button class="button-menu-phone d-flex align-items-center" data-bs-toggle="collapse" data-ref="13*350" data-bs-target="#icon-perfume-collapse" aria-expanded="false" aria-current="true"> <img class="button-menu-phone__icon" src="/Content/iconos/family/icon-perfume.png" alt="icon-perfume bonÀrea" title="bonÀrea Perfumeria"> <span>Perfumeria</span> <i class="icon-angle-right ms-auto"></i> </button><div class="collapse" id="icon-perfume-collapse"><ul class="navbar-menu-phone__list navbar-menu-phone__list--line"><li class="navbar-menu-phone__item--line"><a class="link-menu-phone d-flex" href="/categories/familiar/13_350_010"> <span>Familiar </span><i class="icon-angle-right ms-auto"></i> </a></li><li class="navbar-menu-phone__item--line"><a class="link-menu-phone d-flex" href="/categories/femenina/13_350_020"> <span>Femenina </span><i class="icon-angle-right ms-auto"></i> </a></li><li class="navbar-menu-phone__item--line"><a class="link-menu-phone d-flex" href="/categories/masculina/13_350_030"> <span>Masculina </span><i class="icon-angle-right ms-auto"></i> </a></li><li class="navbar-menu-phone__item--line"><a class="link-menu-phone d-flex" href="/categories/unisex-i-infantil/13_350_040"> <span>Unisex i infantil </span><i class="icon-angle-right ms-auto"></i> </a></li></ul></div></li><li class="nav-item navbar-menu-phone__item"><button class="button-menu-phone d-flex align-items-center" data-bs-toggle="collapse" data-ref="13*030" data-bs-target="#icon-pets-collapse" aria-expanded="false" aria-current="true"> <img class="button-menu-phone__icon" src="/Content/iconos/family/icon-pets.png" alt="icon-pets bonÀrea" title="bonÀrea Mascotes"> <span>Mascotes</span> <i class="icon-angle-right ms-auto"></i> </button><div class="collapse" id="icon-pets-collapse"><ul class="navbar-menu-phone__list navbar-menu-phone__list--line"><li class="navbar-menu-phone__item--line"><a class="link-menu-phone d-flex" href="/categories/alimentacio-mascotes/13_030_010"> <span>Alimentació mascotes </span><i class="icon-angle-right ms-auto"></i> </a></li><li class="navbar-menu-phone__item--line"><a class="link-menu-phone d-flex" href="/categories/complements-i-accessoris/13_030_020"> <span>Complements i accessoris </span><i class="icon-angle-right ms-auto"></i> </a></li></ul></div></li><li class="nav-item navbar-menu-phone__item"><button class="button-menu-phone d-flex align-items-center" data-bs-toggle="collapse" data-ref="13*360" data-bs-target="#icon-home-garden-collapse" aria-expanded="false" aria-current="true"> <img class="button-menu-phone__icon" src="/Content/iconos/family/icon-home-garden.png" alt="icon-home-garden bonÀrea" title="bonÀrea Llar i jardí"> <span>Llar i jardí</span> <i class="icon-angle-right ms-auto"></i> </button><div class="collapse" id="icon-home-garden-collapse"><ul class="navbar-menu-phone__list navbar-menu-phone__list--line"><li class="navbar-menu-phone__item--line"><a class="link-menu-phone d-flex" href="/categories/articles-de-festa-i-aniversari/13_360_030"> <span>Articles de festa i aniversari </span><i class="icon-angle-right ms-auto"></i> </a></li><li class="navbar-menu-phone__item--line"><a class="link-menu-phone d-flex" href="/categories/decoracio-de-nadal/13_360_040"> <span>Decoració de Nadal </span><i class="icon-angle-right ms-auto"></i> </a></li><li class="navbar-menu-phone__item--line"><a class="link-menu-phone d-flex" href="/categories/jardineria-camping-i-piscines/13_360_010"> <span>Jardineria, càmping i piscines </span><i class="icon-angle-right ms-auto"></i> </a></li><li class="navbar-menu-phone__item--line"><a class="link-menu-phone d-flex" href="/categories/llar-i-parament/13_360_020"> <span>Llar i parament </span><i class="icon-angle-right ms-auto"></i> </a></li></ul></div></li><li class="nav-item navbar-menu-phone__item"><button class="button-menu-phone d-flex align-items-center" data-bs-toggle="collapse" data-ref="13*370" data-bs-target="#icon-home-appliances-collapse" aria-expanded="false" aria-current="true"> <img class="button-menu-phone__icon" src="/Content/iconos/family/icon-home-appliances.png" alt="icon-home-appliances bonÀrea" title="bonÀrea Electrodomèstics"> <span>Electrodomèstics</span> <i class="icon-angle-right ms-auto"></i> </button><div class="collapse" id="icon-home-appliances-collapse"><ul class="navbar-menu-phone__list navbar-menu-phone__list--line"><li class="navbar-menu-phone__item--line"><a class="link-menu-phone d-flex" href="/categories/calefaccio-ventilacio-i-extraccio/13_370_040"> <span>Calefacció, ventilació i extracció </span><i class="icon-angle-right ms-auto"></i> </a></li><li class="navbar-menu-phone__item--line"><a class="link-menu-phone d-flex" href="/categories/cuina-i-cafeteria/13_370_050"> <span>Cuina i cafeteria </span><i class="icon-angle-right ms-auto"></i> </a></li><li class="navbar-menu-phone__item--line"><a class="link-menu-phone d-flex" href="/categories/electronica/13_370_020"> <span>Electrònica </span><i class="icon-angle-right ms-auto"></i> </a></li><li class="navbar-menu-phone__item--line"><a class="link-menu-phone d-flex" href="/categories/higiene-personal-bellesa-i-salut/13_370_070"> <span>Higiene personal, bellesa i salut </span><i class="icon-angle-right ms-auto"></i> </a></li><li class="navbar-menu-phone__item--line"><a class="link-menu-phone d-flex" href="/categories/neteja-de-la-llar/13_370_080"> <span>Neteja de la llar </span><i class="icon-angle-right ms-auto"></i> </a></li><li class="navbar-menu-phone__item--line"><a class="link-menu-phone d-flex" href="/categories/petit-electrodomestic/13_370_090"> <span>Petit electrodomèstic </span><i class="icon-angle-right ms-auto"></i> </a></li><li class="navbar-menu-phone__item--line"><a class="link-menu-phone d-flex" href="/categories/televisors/13_370_100"> <span>Televisors </span><i class="icon-angle-right ms-auto"></i> </a></li></ul></div></li><li class="nav-item navbar-menu-phone__item"><button class="button-menu-phone d-flex align-items-center" data-bs-toggle="collapse" data-ref="13*380" data-bs-target="#icon-textiles-collapse" aria-expanded="false" aria-current="true"> <img class="button-menu-phone__icon" src="/Content/iconos/family/icon-textiles.png" alt="icon-textiles bonÀrea" title="bonÀrea Roba, calçat i tèxtil llar"> <span>Roba, calçat i tèxtil llar</span> <i class="icon-angle-right ms-auto"></i> </button><div class="collapse" id="icon-textiles-collapse"><ul class="navbar-menu-phone__list navbar-menu-phone__list--line"><li class="navbar-menu-phone__item--line"><a class="link-menu-phone d-flex" href="/categories/maletes/13_380_140"> <span>Maletes </span><i class="icon-angle-right ms-auto"></i> </a></li><li class="navbar-menu-phone__item--line"><a class="link-menu-phone d-flex" href="/categories/moda-calcat/13_380_130"> <span>Moda Calçat </span><i class="icon-angle-right ms-auto"></i> </a></li><li class="navbar-menu-phone__item--line"><a class="link-menu-phone d-flex" href="/categories/moda-dona/13_380_010"> <span>Moda Dona </span><i class="icon-angle-right ms-auto"></i> </a></li><li class="navbar-menu-phone__item--line"><a class="link-menu-phone d-flex" href="/categories/pijames/13_380_050"> <span>Pijames </span><i class="icon-angle-right ms-auto"></i> </a></li><li class="navbar-menu-phone__item--line"><a class="link-menu-phone d-flex" href="/categories/roba-d-esport/13_380_060"> <span>Roba d'esport </span><i class="icon-angle-right ms-auto"></i> </a></li><li class="navbar-menu-phone__item--line"><a class="link-menu-phone d-flex" href="/categories/roba-i-calcat-laboral/13_380_080"> <span>Roba i calçat laboral </span><i class="icon-angle-right ms-auto"></i> </a></li><li class="navbar-menu-phone__item--line"><a class="link-menu-phone d-flex" href="/categories/roba-interior/13_380_070"> <span>Roba interior </span><i class="icon-angle-right ms-auto"></i> </a></li><li class="navbar-menu-phone__item--line"><a class="link-menu-phone d-flex" href="/categories/tovalloles-i-bany/13_380_120"> <span>Tovalloles i bany </span><i class="icon-angle-right ms-auto"></i> </a></li><li class="navbar-menu-phone__item--line"><a class="link-menu-phone d-flex" href="/categories/textil-cuina-i-menjador/13_380_100"> <span>Tèxtil Cuina i menjador </span><i class="icon-angle-right ms-auto"></i> </a></li><li class="navbar-menu-phone__item--line"><a class="link-menu-phone d-flex" href="/categories/textil-llit/13_380_110"> <span>Tèxtil llit </span><i class="icon-angle-right ms-auto"></i> </a></li></ul></div></li><li class="nav-item navbar-menu-phone__item"><button class="button-menu-phone d-flex align-items-center" data-bs-toggle="collapse" data-ref="13*390" data-bs-target="#icon-office-stationery-collapse" aria-expanded="false" aria-current="true"> <img class="button-menu-phone__icon" src="/Content/iconos/family/icon-office-stationery.png" alt="icon-office-stationery bonÀrea" title="bonÀrea Informàtica i papereria"> <span>Informàtica i papereria</span> <i class="icon-angle-right ms-auto"></i> </button><div class="collapse" id="icon-office-stationery-collapse"><ul class="navbar-menu-phone__list navbar-menu-phone__list--line"><li class="navbar-menu-phone__item--line"><a class="link-menu-phone d-flex" href="/categories/informatica-i-telefonia/13_390_010"> <span>Informàtica i telefonia </span><i class="icon-angle-right ms-auto"></i> </a></li><li class="navbar-menu-phone__item--line"><a class="link-menu-phone d-flex" href="/categories/gaming-consoles-i-jocs/13_390_050"> <span>Gaming / Consoles i jocs </span><i class="icon-angle-right ms-auto"></i> </a></li><li class="navbar-menu-phone__item--line"><a class="link-menu-phone d-flex" href="/categories/oficina-i-papereria/13_390_020"> <span>Oficina i papereria </span><i class="icon-angle-right ms-auto"></i> </a></li><li class="navbar-menu-phone__item--line"><a class="link-menu-phone d-flex" href="/categories/zona-apple/13_390_070"> <span>Zona Apple </span><i class="icon-angle-right ms-auto"></i> </a></li><li class="navbar-menu-phone__item--line"><a class="link-menu-phone d-flex" href="/categories/material-botigues-i-negocis/13_390_030"> <span>Material botigues i negocis </span><i class="icon-angle-right ms-auto"></i> </a></li><li class="navbar-menu-phone__item--line"><a class="link-menu-phone d-flex" href="/categories/oci-i-temps-de-lleure/13_390_080"> <span>Oci i temps de lleure </span><i class="icon-angle-right ms-auto"></i> </a></li></ul></div></li><li class="nav-item navbar-menu-phone__item"><button class="button-menu-phone d-flex align-items-center" data-bs-toggle="collapse" data-ref="13*400" data-bs-target="#icon-toys-party-collapse" aria-expanded="false" aria-current="true"> <img class="button-menu-phone__icon" src="/Content/iconos/family/icon-toys-party.png" alt="icon-toys-party bonÀrea" title="bonÀrea Joguines i món nadó"> <span>Joguines i món nadó</span> <i class="icon-angle-right ms-auto"></i> </button><div class="collapse" id="icon-toys-party-collapse"><ul class="navbar-menu-phone__list navbar-menu-phone__list--line"><li class="navbar-menu-phone__item--line"><a class="link-menu-phone d-flex" href="/categories/alimentacio/13_400_010"> <span>Alimentació </span><i class="icon-angle-right ms-auto"></i> </a></li><li class="navbar-menu-phone__item--line"><a class="link-menu-phone d-flex" href="/categories/bolquers-i-tovalloletes/13_400_070"> <span>Bolquers i tovalloletes </span><i class="icon-angle-right ms-auto"></i> </a></li><li class="navbar-menu-phone__item--line"><a class="link-menu-phone d-flex" href="/categories/colonies-infantils/13_400_040"> <span>Colònies infantils </span><i class="icon-angle-right ms-auto"></i> </a></li><li class="navbar-menu-phone__item--line"><a class="link-menu-phone d-flex" href="/categories/cremes-higiene-i-parafarmacia/13_400_060"> <span>Cremes, higiene i parafarmàcia </span><i class="icon-angle-right ms-auto"></i> </a></li><li class="navbar-menu-phone__item--line"><a class="link-menu-phone d-flex" href="/categories/joguines/13_400_030"> <span>Joguines </span><i class="icon-angle-right ms-auto"></i> </a></li><li class="navbar-menu-phone__item--line"><a class="link-menu-phone d-flex" href="/categories/regals/13_400_050"> <span>Regals </span><i class="icon-angle-right ms-auto"></i> </a></li></ul></div></li><li class="nav-item navbar-menu-phone__item"><button class="button-menu-phone d-flex align-items-center" data-bs-toggle="collapse" data-ref="13*070" data-bs-target="#icon-diy-collapse" aria-expanded="false" aria-current="true"> <img class="button-menu-phone__icon" src="/Content/iconos/family/icon-diy.png" alt="icon-diy bonÀrea" title="bonÀrea Bricolatge"> <span>Bricolatge</span> <i class="icon-angle-right ms-auto"></i> </button><div class="collapse" id="icon-diy-collapse"><ul class="navbar-menu-phone__list navbar-menu-phone__list--line"><li class="navbar-menu-phone__item--line"><a class="link-menu-phone d-flex" href="/categories/adhesius/13_070_010"> <span>Adhesius </span><i class="icon-angle-right ms-auto"></i> </a></li><li class="navbar-menu-phone__item--line"><a class="link-menu-phone d-flex" href="/categories/aire-i-racoreria/13_070_020"> <span>Aire i racoreria </span><i class="icon-angle-right ms-auto"></i> </a></li><li class="navbar-menu-phone__item--line"><a class="link-menu-phone d-flex" href="/categories/caixes-d-eines-i-organitzacio/13_070_030"> <span>Caixes d'eines i organització </span><i class="icon-angle-right ms-auto"></i> </a></li><li class="navbar-menu-phone__item--line"><a class="link-menu-phone d-flex" href="/categories/eines-electriques/13_070_050"> <span>Eines elèctriques </span><i class="icon-angle-right ms-auto"></i> </a></li><li class="navbar-menu-phone__item--line"><a class="link-menu-phone d-flex" href="/categories/electricitat/13_070_060"> <span>Electricitat </span><i class="icon-angle-right ms-auto"></i> </a></li><li class="navbar-menu-phone__item--line"><a class="link-menu-phone d-flex" href="/categories/ferreteria/13_070_070"> <span>Ferreteria </span><i class="icon-angle-right ms-auto"></i> </a></li><li class="navbar-menu-phone__item--line"><a class="link-menu-phone d-flex" href="/categories/fontaneria/13_070_080"> <span>Fontaneria </span><i class="icon-angle-right ms-auto"></i> </a></li><li class="navbar-menu-phone__item--line"><a class="link-menu-phone d-flex" href="/categories/neteja/13_070_130"> <span>Neteja </span><i class="icon-angle-right ms-auto"></i> </a></li><li class="navbar-menu-phone__item--line"><a class="link-menu-phone d-flex" href="/categories/pintura/13_070_100"> <span>Pintura </span><i class="icon-angle-right ms-auto"></i> </a></li><li class="navbar-menu-phone__item--line"><a class="link-menu-phone d-flex" href="/categories/pel-let/13_070_090"> <span>Pèl·let </span><i class="icon-angle-right ms-auto"></i> </a></li><li class="navbar-menu-phone__item--line"><a class="link-menu-phone d-flex" href="/categories/soldadura-i-soplets/13_070_110"> <span>Soldadura i soplets </span><i class="icon-angle-right ms-auto"></i> </a></li></ul></div></li><li class="nav-item navbar-menu-phone__item"><button class="button-menu-phone d-flex align-items-center" data-bs-toggle="collapse" data-ref="13*080" data-bs-target="#icon-automotive-collapse" aria-expanded="false" aria-current="true"> <img class="button-menu-phone__icon" src="/Content/iconos/family/icon-automotive.png" alt="icon-automotive bonÀrea" title="bonÀrea Automoció"> <span>Automoció</span> <i class="icon-angle-right ms-auto"></i> </button><div class="collapse" id="icon-automotive-collapse"><ul class="navbar-menu-phone__list navbar-menu-phone__list--line"><li class="navbar-menu-phone__item--line"><a class="link-menu-phone d-flex" href="/categories/accessoris-agricoles/13_080_130"> <span>Accessoris agrícoles </span><i class="icon-angle-right ms-auto"></i> </a></li><li class="navbar-menu-phone__item--line"><a class="link-menu-phone d-flex" href="/categories/accessoris-vehicles/13_080_010"> <span>Accessoris vehicles </span><i class="icon-angle-right ms-auto"></i> </a></li><li class="navbar-menu-phone__item--line"><a class="link-menu-phone d-flex" href="/categories/additius/13_080_020"> <span>Additius </span><i class="icon-angle-right ms-auto"></i> </a></li><li class="navbar-menu-phone__item--line"><a class="link-menu-phone d-flex" href="/categories/anticongelants-i-neteja-parabrises/13_080_030"> <span>Anticongelants i neteja parabrises </span><i class="icon-angle-right ms-auto"></i> </a></li><li class="navbar-menu-phone__item--line"><a class="link-menu-phone d-flex" href="/categories/bateries-i-accessoris/13_080_040"> <span>Bateries i accessoris </span><i class="icon-angle-right ms-auto"></i> </a></li><li class="navbar-menu-phone__item--line"><a class="link-menu-phone d-flex" href="/categories/bidons-emmagatzematge/13_080_050"> <span>Bidons emmagatzematge </span><i class="icon-angle-right ms-auto"></i> </a></li><li class="navbar-menu-phone__item--line"><a class="link-menu-phone d-flex" href="/categories/cadenes-i-fundes-pneumatics/13_080_060"> <span>Cadenes i fundes pneumàtics </span><i class="icon-angle-right ms-auto"></i> </a></li><li class="navbar-menu-phone__item--line"><a class="link-menu-phone d-flex" href="/categories/consumibles-benzineres-i-rentadors/13_080_120"> <span>Consumibles benzineres i rentadors </span><i class="icon-angle-right ms-auto"></i> </a></li><li class="navbar-menu-phone__item--line"><a class="link-menu-phone d-flex" href="/categories/filtres-vehicles/13_080_110"> <span>Filtres vehicles </span><i class="icon-angle-right ms-auto"></i> </a></li><li class="navbar-menu-phone__item--line"><a class="link-menu-phone d-flex" href="/categories/greixos-i-esprais-lubricants/13_080_070"> <span>Greixos i esprais lubricants </span><i class="icon-angle-right ms-auto"></i> </a></li><li class="navbar-menu-phone__item--line"><a class="link-menu-phone d-flex" href="/categories/il-luminacio-vehicles/13_080_080"> <span>Il·luminació vehicles </span><i class="icon-angle-right ms-auto"></i> </a></li><li class="navbar-menu-phone__item--line"><a class="link-menu-phone d-flex" href="/categories/neteja-i-ambientadors-vehicles/13_080_100"> <span>Neteja i ambientadors vehicles </span><i class="icon-angle-right ms-auto"></i> </a></li><li class="navbar-menu-phone__item--line"><a class="link-menu-phone d-flex" href="/categories/olis-de-motor/13_080_090"> <span>Olis de motor </span><i class="icon-angle-right ms-auto"></i> </a></li></ul></div></li><li class="nav-item navbar-menu-phone__item"><button class="button-menu-phone d-flex align-items-center" data-bs-toggle="collapse" data-ref="13*410" data-bs-target="#icon-livestock-collapse" aria-expanded="false" aria-current="true"> <img class="button-menu-phone__icon" src="/Content/iconos/family/icon-livestock.png" alt="icon-livestock bonÀrea" title="bonÀrea Material ramader"> <span>Material ramader</span> <i class="icon-angle-right ms-auto"></i> </button><div class="collapse" id="icon-livestock-collapse"><ul class="navbar-menu-phone__list navbar-menu-phone__list--line"><li class="navbar-menu-phone__item--line"><a class="link-menu-phone d-flex" href="/categories/avicultura/13_410_050"> <span>Avicultura </span><i class="icon-angle-right ms-auto"></i> </a></li><li class="navbar-menu-phone__item--line"><a class="link-menu-phone d-flex" href="/categories/calefaccio-i-control-ambiental/13_410_080"> <span>Calefacció i control ambiental </span><i class="icon-angle-right ms-auto"></i> </a></li><li class="navbar-menu-phone__item--line"><a class="link-menu-phone d-flex" href="/categories/conills/13_410_070"> <span>Conills </span><i class="icon-angle-right ms-auto"></i> </a></li><li class="navbar-menu-phone__item--line"><a class="link-menu-phone d-flex" href="/categories/control-ambiental/13_410_030"> <span>Control ambiental </span><i class="icon-angle-right ms-auto"></i> </a></li><li class="navbar-menu-phone__item--line"><a class="link-menu-phone d-flex" href="/categories/dosificadors-medicaments/13_410_090"> <span>Dosificadors, medicaments </span><i class="icon-angle-right ms-auto"></i> </a></li><li class="navbar-menu-phone__item--line"><a class="link-menu-phone d-flex" href="/categories/neteja-industrial/13_410_020"> <span>Neteja industrial </span><i class="icon-angle-right ms-auto"></i> </a></li><li class="navbar-menu-phone__item--line"><a class="link-menu-phone d-flex" href="/categories/ovi-i-bovi/13_410_060"> <span>Oví i boví </span><i class="icon-angle-right ms-auto"></i> </a></li><li class="navbar-menu-phone__item--line"><a class="link-menu-phone d-flex" href="/categories/porc/13_410_040"> <span>Porc </span><i class="icon-angle-right ms-auto"></i> </a></li><li class="navbar-menu-phone__item--line"><a class="link-menu-phone d-flex" href="/categories/tancats-electrics/13_410_100"> <span>Tancats elèctrics </span><i class="icon-angle-right ms-auto"></i> </a></li></ul></div></li></ul></div></div><div class="header__navbar d-none d-lg-block"><nav class="navbar"><div class="navbar__left"><div class="navbar-nav navbar__list"><div class="navbar__item navbar__item--menu" data-ref="13_300"><a id="nabvar__btn-main" href="#" class="navbar__btn"> <span class="icon-header icon-menu"></span> <span class="d-none d-lg-block">Menú categories</span> </a></div><div class="navbar__item"><a class="navbar__btn section-btn-phone__btn" href="/ca/shop/shopping/13_205"> <span> <svg xmlns="http://www.w3.org/2000/svg" width="24.07" height="24.07" viewBox="0 0 24.07 24.07"><path d="M12.03,1.12c-2.99,0-5.7,1.21-7.67,3.15,0,0,0,0-.01,0,0,0,0,0,0,0-1.99,1.98-3.23,4.72-3.23,7.75,0,6.03,4.89,10.92,10.92,10.92,6.03,0,10.92-4.89,10.92-10.92,0-6.03-4.89-10.92-10.92-10.92ZM5.02,19.05c-1.8-1.8-2.9-4.27-2.9-7.01,0-2.58,.99-4.91,2.6-6.68l4.2,4.2s.08,.06,.12,.08l-.34,.52s0,.03-.01,.05c-.09-.14-.25-.22-.42-.22-.17,0-.33,.08-.42,.23l-1.52,2.32s-.01,.06-.03,.09h-.02c-.11,.25-.17,.54-.17,.83,0,1.03,.72,1.89,1.69,2.1l-2.41,2.41c-.2,.2-.2,.51,0,.71,.2,.2,.51,.2,.71,0l2.41-2.41c.21,.96,1.07,1.69,2.1,1.69,.3,0,.58-.06,.84-.17v-.02s.05,0,.08-.03l2.32-1.52c.14-.09,.23-.25,.23-.42,0-.17-.08-.32-.22-.41,.02,0,.03,0,.05-.01l.52-.34s.05,.09,.08,.12l4.2,4.2c-1.76,1.61-4.1,2.6-6.68,2.6-2.74,0-5.22-1.11-7.01-2.9ZM15.4,7.03c.11-.11,.23-.19,.37-.24l1.91-.4-.39,1.91c-.06,.13-.13,.26-.24,.37-.23,.23-.52,.34-.82,.34-.3,0-.59-.11-.82-.34-.23-.23-.34-.53-.34-.84,0-.28,.11-.56,.34-.79Zm-4.35,9.83c-.13,.05-.28,.09-.43,.09-.64,0-1.15-.52-1.15-1.15,0-.64,.52-1.15,1.16-1.16,.15,0,.3,.03,.43,.09l1.63,1.07-1.63,1.07Zm-3.84-3.84l1.07-1.63,1.07,1.63c.05,.13,.09,.28,.09,.43,0,.64-.52,1.15-1.16,1.16-.64,0-1.15-.52-1.15-1.15,0-.15,.03-.3,.09-.43Zm6.02-1.73c-.08,0-.16-.02-.24-.02-.07,0-.14,.01-.21,.02,0-.07,.02-.14,.02-.21,0-.08-.02-.16-.02-.24,.08,0,.16,.02,.24,.02,.07,0,.14-.01,.21-.02,0,.07-.02,.14-.02,.21,0,.08,.02,.16,.02,.24Zm-2.37,2.37c-.08,0-.16-.02-.24-.02-.07,0-.14,.01-.21,.02,0-.07,.02-.14,.02-.21,0-.08-.02-.16-.02-.24,.08,0,.16,.02,.24,.02,.07,0,.14-.01,.21-.02,0,.07-.02,.14-.02,.21,0,.08,.02,.16,.02,.24Zm2.56,.83c-.13,.05-.28,.09-.43,.09-.64,0-1.15-.52-1.15-1.15,0-.64,.52-1.15,1.15-1.16,.15,0,.3,.03,.43,.09l1.63,1.07-1.63,1.07Zm2.37-2.37c-.13,.05-.28,.09-.43,.09-.64,0-1.15-.52-1.16-1.16,0-.64,.52-1.15,1.16-1.15,.15,0,.3,.03,.43,.09l1.63,1.07-1.63,1.07Zm-1.7-3.84c.05,.13,.09,.28,.09,.43,0,.64-.52,1.15-1.15,1.16-.64,0-1.15-.52-1.16-1.16,0-.15,.03-.3,.09-.43l1.07-1.63,1.07,1.63Zm-2.37,2.37c.05,.13,.09,.28,.09,.43,0,.64-.52,1.15-1.16,1.15-.64,0-1.15-.52-1.16-1.15,0-.15,.03-.3,.09-.43l1.07-1.63,1.07,1.63Zm7.7,7.99l-4.16-4.16,.97-.64c.14-.09,.23-.25,.23-.42s-.08-.32-.22-.42c.02,0,.04,0,.05-.02l2.32-1.52c.14-.09,.23-.25,.23-.42,0-.17-.08-.33-.23-.42l-1.36-.89c.18-.1,.35-.21,.5-.36,.21-.21,.37-.46,.47-.72h-.02s.04-.06,.04-.09l.56-2.72c.03-.17-.02-.34-.14-.46-.12-.12-.29-.17-.46-.14l-2.72,.56s-.05,.03-.08,.04v-.02c-.27,.11-.51,.26-.72,.47-.15,.15-.26,.32-.36,.5l-.89-1.36c-.09-.14-.25-.23-.42-.23-.17,0-.33,.08-.42,.23l-1.52,2.32s0,.04-.02,.05c-.09-.14-.25-.23-.42-.22-.17,0-.33,.08-.42,.23l-.64,.97L5.43,4.65c1.76-1.57,4.06-2.53,6.61-2.53,2.74,0,5.22,1.11,7.01,2.9,1.8,1.8,2.9,4.27,2.9,7.01,0,2.54-.96,4.85-2.54,6.61Z" fill="currentColor"></path></svg> </span> <span>Sense gluten</span> <i class="icon-angle-right ms-auto"></i> </a></div><div class="navbar__item"><a class="navbar__btn section-btn-phone__btn" href="/ca/shop/shopping/13_240"> <span> <svg xmlns="http://www.w3.org/2000/svg" width="24.07" height="24.07" viewBox="0 0 24.07 24.07"><path d="M22.65,10.15c-.66-.23-1.36-.3-2.05-.2,1.15,5.24-2.16,10.42-7.4,11.58-.69,.15-1.39,.23-2.1,.23h-.12c-5.37-.07-9.67-4.48-9.6-9.86S5.86,2.24,11.24,2.31c1.63,.02,3.22,.45,4.64,1.25l-.61,1.08c-1.24-.7-2.63-1.07-4.05-1.09h-.11c-4.69-.03-8.51,3.75-8.54,8.43-.03,4.69,3.75,8.51,8.43,8.54h.11c4.69,0,8.49-3.82,8.48-8.51v-.18c-3.42,4.85-8.24,4.17-13.61,4.01,2.3-5.47,4.31-7.6,12.94-7.4,.1,0,.21,.01,.31,.03-3.83,.06-7.47,1.7-10.05,4.53h0c3.8-2.94,8.59-4.29,13.37-3.76,.13,.29,.17,.61,.1,.92Z" fill="#cbb666"></path></svg> </span> <span>Gourmet</span> <i class="icon-angle-right ms-auto"></i> </a></div><div class="navbar__item"><a class="navbar__btn section-btn-phone__btn" href="/ca/shop/QuickPurchase"> <span> <svg xmlns="http://www.w3.org/2000/svg" width="24.07" height="24.07" viewBox="0 0 24.07 24.07"><path d="M18.74,11.85h0s0,0,0,0h0Zm.25-.63c0,.22-.08,.45-.25,.63l-10.05,10.77h0c-.17,.18-.41,.27-.65,.27l-.27-.04h0c-.4-.12-.66-.49-.66-.88l.04-.27h0s2.66-7.94,2.66-7.94h-3.93l-.11-.05-.3-.12-.09-.08c-.19-.18-.3-.43-.29-.68,0-.22,.08-.45,.25-.63h0S15.38,1.45,15.38,1.45h0c.18-.18,.41-.28,.65-.28l.27,.04c.4,.12,.66,.49,.66,.88l-.04,.27h0s-2.66,7.94-2.66,7.94h3.93l.11,.05,.3,.12,.09,.08c.19,.18,.3,.43,.29,.68Zm-10.04,9.22l8.25-8.84h-3.47c-.51,0-.92-.41-.92-.92v-.03s0-.04,0-.04v-.04s.03-.14,.03-.14l2.28-6.81L6.88,12.47h3.47c.5,0,.89,.4,.91,.89h0s0,.07,0,.07v.07s-.03,.14-.03,.14l-2.28,6.81Zm-2.66-7.34h0s0,0,0,0Zm1.5,9.76h0s0,0,0,0h.01Z" fill="#eb4c5c"></path></svg> </span> <span>Més venuts</span> <i class="icon-angle-right ms-auto"></i> </a></div><div class="navbar__item"><a class="navbar__btn section-btn-phone__btn" href="/ca/shop/shopping/13_97"> <span> <svg xmlns="http://www.w3.org/2000/svg" width="24.07" height="24.07" viewBox="0 0 24.07 24.07"><path d="M14.64,9.53l-3.63,3.62-1.58-1.58c-.25-.25-.67-.25-.92,0s-.25,.67,0,.92l2.5,2.5,4.55-4.54c.25-.25,.25-.67,0-.92-.25-.25-.67-.25-.92,0Z" fill="#4c9c2e"></path><path d="M22.27,11.18c-.11-.17-.26-.32-.43-.43l-2.45-1.63c-.08-.05-.12-.15-.1-.24l.58-2.88c.17-.83-.38-1.64-1.21-1.81-.2-.04-.4-.04-.6,0l-2.88,.58c-.1,.02-.19-.02-.24-.1l-1.63-2.45c-.47-.7-1.42-.9-2.13-.43-.18,.11-.32,.26-.43,.43l-1.63,2.44c-.05,.08-.15,.12-.24,.1l-2.88-.58c-.83-.17-1.64,.37-1.81,1.2-.04,.2-.04,.41,0,.61l.58,2.88c.02,.09-.02,.19-.1,.24l-2.45,1.63c-.7,.47-.9,1.42-.43,2.13,.11,.17,.26,.32,.43,.43l2.45,1.63c.08,.05,.12,.15,.1,.24l-.58,2.88c-.17,.83,.36,1.65,1.2,1.82,.2,.04,.4,.04,.6,0l2.88-.58c.09-.02,.19,.02,.24,.1l1.63,2.45c.3,.44,.78,.69,1.28,.69,.29,0,.59-.08,.85-.26,.17-.11,.31-.26,.43-.43l1.63-2.45c.05-.08,.15-.11,.24-.1l2.88,.58c.83,.16,1.64-.37,1.81-1.2,.04-.2,.04-.41,0-.61l-.58-2.88c-.02-.1,.02-.19,.1-.24l2.45-1.63c.7-.47,.9-1.42,.43-2.13Zm-1.15,1.04l-2.45,1.63c-.53,.35-.79,.97-.66,1.59l.58,2.97c-.03,.13-.15,.21-.28,.19l-2.88-.58c-.61-.12-1.23,.13-1.58,.65l-1.69,2.51c-.11,.07-.26,.04-.33-.07l-1.63-2.45c-.29-.43-.77-.68-1.27-.68-.1,0-.2,0-.3,.03l-2.97,.58c-.13-.03-.21-.15-.18-.29l.58-2.88c.12-.61-.13-1.23-.65-1.58l-2.51-1.69c-.07-.11-.04-.26,.07-.33l2.45-1.63c.52-.35,.78-.97,.65-1.58l-.58-2.97c.03-.13,.15-.21,.28-.19l2.88,.58c.61,.12,1.23-.14,1.58-.65l1.7-2.51c.11-.07,.26-.04,.33,.07l1.63,2.45c.35,.52,.96,.78,1.58,.65l2.97-.58c.13,.03,.21,.15,.19,.28l-.58,2.88c-.12,.61,.13,1.23,.65,1.58l2.51,1.69c.07,.11,.04,.25-.07,.33Z" fill="#4c9c2e"></path></svg> </span> <span>Novetats</span> <i class="icon-angle-right ms-auto"></i> </a></div><div class="navbar__item"><a class="navbar__btn section-btn-phone__btn" href="/ca/shop/recipe"> <span> <svg xmlns="http://www.w3.org/2000/svg" width="24.07" height="24.07" viewBox="0 0 24.07 24.07"><path d="M22.59,9.5c-.06-1.49-.76-2.89-1.86-3.77-1.14-1.22-2.84-1.74-4.45-1.39-.71-.99-1.74-1.69-2.93-2-1.36-.35-2.77-.16-3.98,.55-.63,.37-1.17,.86-1.59,1.45-1.61-.35-3.3,.17-4.38,1.33-1.07,.84-1.74,2.05-1.9,3.41-.16,1.35,.22,2.68,1.07,3.75,.77,.97,1.86,1.62,3.06,1.84v4.97c0,1.26,1.02,2.28,2.28,2.28h8.24c1.26,0,2.28-1.02,2.28-2.28v-4.99c2.39-.51,4.14-2.61,4.15-5.11v-.03Zm-6.44,11.11H7.92c-.54,0-.98-.44-.98-.98v-1.63h10.2v1.63c0,.54-.44,.98-.98,.98Zm1.57-7.17l-.58,.06v3.2H6.94v-3.22l-.61-.04c-1.07-.07-2.07-.59-2.73-1.43-.63-.79-.91-1.79-.79-2.79,.12-1.01,.62-1.91,1.48-2.6,.66-.7,1.57-1.08,2.5-1.08,.36,0,.72,.06,1.07,.17l.5,.17,.27-.45c.34-.58,.83-1.07,1.41-1.41,.91-.53,1.97-.68,2.99-.42,1.02,.27,1.88,.91,2.41,1.82l.27,.45,.5-.17c1.27-.42,2.67-.06,3.64,.97,.87,.71,1.39,1.75,1.44,2.86-.02,2.02-1.55,3.7-3.57,3.9Z" fill="#4c9c2e"></path></svg> </span> <span>Receptes</span> <i class="icon-angle-right ms-auto"></i> </a></div></div></div><div id="navbar" class="navbar__right"><ul class="navbar-nav navbar__list"><li class="d-lg-none d-xl-block navbar__item"><a href="/ca/shop/faq" class="navbar__link">Devolucions</a></li><li class="d-lg-none d-xl-block navbar__item"><a href="/ca/shop/deliverysystems" class="navbar__link"> Sistemes entrega</a></li><li class="navbar__item"><a href="/ca/shop/Help" class="navbar__link">T'ajudem</a></li><li class="d-none line-top"><ul class="nav navbar-nav"><li class="title-menu-top">CATEGORIES</li><li><a href="/categories/alimentacio/13_300"> Alimentació </a></li><li><a href="/categories/cuinats/13_310"> Cuinats </a></li><li><a href="/categories/begudes/13_320"> Begudes </a></li><li><a href="/categories/drogueria/13_330"> Drogueria </a></li><li><a href="/categories/higiene-i-cosmetica/13_340"> Higiene i cosmètica </a></li><li><a href="/categories/perfumeria/13_350"> Perfumeria </a></li><li><a href="/categories/mascotes/13_030"> Mascotes </a></li><li><a href="/categories/llar-i-jardi/13_360"> Llar i jardí </a></li><li><a href="/categories/electrodomestics/13_370"> Electrodomèstics </a></li><li><a href="/categories/roba-calcat-i-textil-llar/13_380"> Roba, calçat i tèxtil llar </a></li><li><a href="/categories/informatica-i-papereria/13_390"> Informàtica i papereria </a></li><li><a href="/categories/joguines-i-mon-nado/13_400"> Joguines i món nadó </a></li><li><a href="/categories/bricolatge/13_070"> Bricolatge </a></li><li><a href="/categories/automocio/13_080"> Automoció </a></li><li><a href="/categories/material-ramader/13_410"> Material ramader </a></li></ul></li></ul></div></nav></div></header><div id="main-container" class="main-container"><div class="container-default"><div class="main-container__base"><section class="container-base container-base--scrolling"><div class="section-categoria"><div id="section-scroll-categoria" class="d-flex d-lg-grid section-categoria__list section-scroll-mobile"><div class="section-categoria__item section-categoria__reference" data-ref="13*300"><a class="section-categoria__link" href="#" title="Alimentació"><div class="section-categoria__figure icon-family icon-food"><img class="section-categoria__img" src="/Content/iconos/family/icon-food.png" alt="icon bonÀrea Alimentació" title="bonÀrea Alimentació"></div><h3 class="section-categoria__title">Alimentació</h3></a></div><div class="section-categoria__item section-categoria__reference" data-ref="13*310"><a class="section-categoria__link" href="#" title="Cuinats"><div class="section-categoria__figure icon-family icon-cooked"><img class="section-categoria__img" src="/Content/iconos/family/icon-cooked.png" alt="icon bonÀrea Cuinats" title="bonÀrea Cuinats"></div><h3 class="section-categoria__title">Cuinats</h3></a></div><div class="section-categoria__item section-categoria__reference" data-ref="13*320"><a class="section-categoria__link" href="#" title="Begudes"><div class="section-categoria__figure icon-family icon-drinks"><img class="section-categoria__img" src="/Content/iconos/family/icon-drinks.png" alt="icon bonÀrea Begudes" title="bonÀrea Begudes"></div><h3 class="section-categoria__title">Begudes</h3></a></div><div class="section-categoria__item section-categoria__reference" data-ref="13*330"><a class="section-categoria__link" href="#" title="Drogueria"><div class="section-categoria__figure icon-family icon-drugstore"><img class="section-categoria__img" src="/Content/iconos/family/icon-drugstore.png" alt="icon bonÀrea Drogueria" title="bonÀrea Drogueria"></div><h3 class="section-categoria__title">Drogueria</h3></a></div><div class="section-categoria__item section-categoria__reference" data-ref="13*340"><a class="section-categoria__link" href="#" title="Higiene i cosmètica"><div class="section-categoria__figure icon-family icon-cosmetic"><img class="section-categoria__img" src="/Content/iconos/family/icon-cosmetic.png" alt="icon bonÀrea Higiene i cosmètica" title="bonÀrea Higiene i cosmètica"></div><h3 class="section-categoria__title">Higiene i cosmètica</h3></a></div><div class="section-categoria__item section-categoria__reference" data-ref="13*350"><a class="section-categoria__link" href="#" title="Perfumeria"><div class="section-categoria__figure icon-family icon-perfume"><img class="section-categoria__img" src="/Content/iconos/family/icon-perfume.png" alt="icon bonÀrea Perfumeria" title="bonÀrea Perfumeria"></div><h3 class="section-categoria__title">Perfumeria</h3></a></div><div class="section-categoria__item section-categoria__reference" data-ref="13*030"><a class="section-categoria__link" href="#" title="Mascotes"><div class="section-categoria__figure icon-family icon-pets"><img class="section-categoria__img" src="/Content/iconos/family/icon-pets.png" alt="icon bonÀrea Mascotes" title="bonÀrea Mascotes"></div><h3 class="section-categoria__title">Mascotes</h3></a></div><div class="section-categoria__item section-categoria__reference" data-ref="13*360"><a class="section-categoria__link" href="#" title="Llar i jardí"><div class="section-categoria__figure icon-family icon-home-garden"><img class="section-categoria__img" src="/Content/iconos/family/icon-home-garden.png" alt="icon bonÀrea Llar i jardí" title="bonÀrea Llar i jardí"></div><h3 class="section-categoria__title">Llar i jardí</h3></a></div><div class="section-categoria__item section-categoria__reference" data-ref="13*370"><a class="section-categoria__link" href="#" title="Electrodomèstics"><div class="section-categoria__figure icon-family icon-home-appliances"><img class="section-categoria__img" src="/Content/iconos/family/icon-home-appliances.png" alt="icon bonÀrea Electrodomèstics" title="bonÀrea Electrodomèstics"></div><h3 class="section-categoria__title">Electrodomèstics</h3></a></div><div class="section-categoria__item section-categoria__reference" data-ref="13*380"><a class="section-categoria__link" href="#" title="Roba, calçat i tèxtil llar"><div class="section-categoria__figure icon-family icon-textiles"><img class="section-categoria__img" src="/Content/iconos/family/icon-textiles.png" alt="icon bonÀrea Roba, calçat i tèxtil llar" title="bonÀrea Roba, calçat i tèxtil llar"></div><h3 class="section-categoria__title">Roba, calçat i tèxtil llar</h3></a></div><div class="section-categoria__item section-categoria__reference" data-ref="13*390"><a class="section-categoria__link" href="#" title="Informàtica i papereria"><div class="section-categoria__figure icon-family icon-office-stationery"><img class="section-categoria__img" src="/Content/iconos/family/icon-office-stationery.png" alt="icon bonÀrea Informàtica i papereria" title="bonÀrea Informàtica i papereria"></div><h3 class="section-categoria__title">Informàtica i papereria</h3></a></div><div class="section-categoria__item section-categoria__reference" data-ref="13*400"><a class="section-categoria__link" href="#" title="Joguines i món nadó"><div class="section-categoria__figure icon-family icon-toys-party"><img class="section-categoria__img" src="/Content/iconos/family/icon-toys-party.png" alt="icon bonÀrea Joguines i món nadó" title="bonÀrea Joguines i món nadó"></div><h3 class="section-categoria__title">Joguines i món nadó</h3></a></div><div class="section-categoria__item section-categoria__reference" data-ref="13*070"><a class="section-categoria__link" href="#" title="Bricolatge"><div class="section-categoria__figure icon-family icon-diy"><img class="section-categoria__img" src="/Content/iconos/family/icon-diy.png" alt="icon bonÀrea Bricolatge" title="bonÀrea Bricolatge"></div><h3 class="section-categoria__title">Bricolatge</h3></a></div><div class="section-categoria__item section-categoria__reference" data-ref="13*080"><a class="section-categoria__link" href="#" title="Automoció"><div class="section-categoria__figure icon-family icon-automotive"><img class="section-categoria__img" src="/Content/iconos/family/icon-automotive.png" alt="icon bonÀrea Automoció" title="bonÀrea Automoció"></div><h3 class="section-categoria__title">Automoció</h3></a></div><div class="section-categoria__item section-categoria__reference" data-ref="13*410"><a class="section-categoria__link" href="#" title="Material ramader"><div class="section-categoria__figure icon-family icon-livestock"><img class="section-categoria__img" src="/Content/iconos/family/icon-livestock.png" alt="icon bonÀrea Material ramader" title="bonÀrea Material ramader"></div><h3 class="section-categoria__title">Material ramader</h3></a></div><div class="section-categoria__item"><a href="/ca/shop/shopping/13_094" class="section-categoria__link"><div class="section-categoria__figure section-categoria__figure--special"><div class="section-categoria__icon"><svg xmlns="http://www.w3.org/2000/svg" width="100" height="100" viewBox="0 0 100 100"><path d="m84.7,23.28l-61.37,61.37-7.78-7.78L76.92,15.5l7.78,7.78Zm10.04,50.2c0,11.72-9.54,21.25-21.25,21.25s-21.25-9.53-21.25-21.25c0-5.67,2.21-11.01,6.22-15.03s9.35-6.23,15.02-6.23h.01c11.72,0,21.25,9.53,21.25,21.25Zm-11,0c0-5.65-4.6-10.25-10.25-10.25h0c-5.65,0-10.25,4.6-10.24,10.25,0,5.66,4.6,10.25,10.25,10.25s10.25-4.6,10.25-10.25Zm-57.22-25.71c-11.72,0-21.25-9.53-21.25-21.25,0-11.71,9.53-21.25,21.24-21.25h.01c11.72,0,21.25,9.53,21.25,21.25,0,5.68-2.21,11.01-6.23,15.03-4.01,4.01-9.35,6.22-15.03,6.22h0Zm0-11h0c2.74,0,5.31-1.07,7.25-3,1.94-1.94,3-4.51,3-7.25,0-5.65-4.6-10.25-10.25-10.25h0c-5.65,0-10.25,4.6-10.24,10.25,0,5.65,4.6,10.25,10.25,10.25Z" fill="#fff" stroke-width="0"></path></svg></div><div class="section-categoria__text">Estalvia</div></div><h3 class="section-categoria__title">Especial</h3></a></div></div><div class="d-block d-lg-none btn-scroll-mobile"><a class="btn-scroll-mobile__left d-none" onclick="scrollHorizontal(-1,'section-scroll-categoria');showScrollLeft('section-scroll-categoria')"><div class="btn-scroll-mobile__back"><span class="icon-angle-scroll-left"></span></div></a> <a class="btn-scroll-mobile__right" href="#" onclick="scrollHorizontal(1,'section-scroll-categoria');showScrollLeft('section-scroll-categoria')"><div class="btn-scroll-mobile__back"><span class="icon-angle-scroll-right"></span></div></a></div></div></section><section class="container-base section-highlight"><div class="d-flex"><div class="col"><a class="d-flex gap-2 align-items-baseline" href="/ca/shop/recipe"> <span class="rounded p-1 bg-opacity-10 bg-primary"> <svg xmlns="http://www.w3.org/2000/svg" width="24.07" height="24.07" viewBox="0 0 24.07 24.07"><path d="M22.59,9.5c-.06-1.49-.76-2.89-1.86-3.77-1.14-1.22-2.84-1.74-4.45-1.39-.71-.99-1.74-1.69-2.93-2-1.36-.35-2.77-.16-3.98,.55-.63,.37-1.17,.86-1.59,1.45-1.61-.35-3.3,.17-4.38,1.33-1.07,.84-1.74,2.05-1.9,3.41-.16,1.35,.22,2.68,1.07,3.75,.77,.97,1.86,1.62,3.06,1.84v4.97c0,1.26,1.02,2.28,2.28,2.28h8.24c1.26,0,2.28-1.02,2.28-2.28v-4.99c2.39-.51,4.14-2.61,4.15-5.11v-.03Zm-6.44,11.11H7.92c-.54,0-.98-.44-.98-.98v-1.63h10.2v1.63c0,.54-.44,.98-.98,.98Zm1.57-7.17l-.58,.06v3.2H6.94v-3.22l-.61-.04c-1.07-.07-2.07-.59-2.73-1.43-.63-.79-.91-1.79-.79-2.79,.12-1.01,.62-1.91,1.48-2.6,.66-.7,1.57-1.08,2.5-1.08,.36,0,.72,.06,1.07,.17l.5,.17,.27-.45c.34-.58,.83-1.07,1.41-1.41,.91-.53,1.97-.68,2.99-.42,1.02,.27,1.88,.91,2.41,1.82l.27,.45,.5-.17c1.27-.42,2.67-.06,3.64,.97,.87,.71,1.39,1.75,1.44,2.86-.02,2.02-1.55,3.7-3.57,3.9Z" fill="#4c9c2e"></path></svg> </span><div><p class="section-highlight__title">Receptes</p><p class="section-highlight__text">per temporada</p></div></a></div><div class="col"><a class="d-flex gap-2 align-items-baseline" href="/ca/shop/deliverysystems"> <span class="rounded p-1 bg-opacity-10 bg-primary"> <svg xmlns="http://www.w3.org/2000/svg" width="24.07" height="24.07" viewBox="0 0 24.07 24.07"><path d="m22.18,12.06c-.23-.24-.64-.51-1.1-.82-.6-.4-1.35-.91-1.64-1.3-.24-.32-.61-1.01-.98-1.67-.49-.9-.96-1.76-1.33-2.16-.67-.71-1.58-1.13-2.59-1.19H2.51c-.88,0-1.59.72-1.59,1.59v8.86c0,.95.77,1.73,1.73,1.73h.78c.21,1.15,1.21,2.03,2.42,2.03s2.23-.89,2.43-2.05h7.45c.2,1.16,1.21,2.05,2.43,2.05s2.23-.89,2.43-2.06h.13c.99,0,1.81-.55,2.2-1.48.49-1.17.19-2.59-.74-3.54Zm-16.33,5.78c-.64,0-1.17-.52-1.17-1.17s.52-1.17,1.17-1.17,1.17.52,1.17,1.17-.52,1.17-1.17,1.17Zm12.31,0c-.64,0-1.17-.52-1.17-1.17s.52-1.17,1.17-1.17,1.17.52,1.17,1.17-.52,1.17-1.17,1.17Zm3.56-2.75c-.13.31-.41.69-1,.69h-.26c-.36-.92-1.25-1.58-2.3-1.58s-1.94.66-2.3,1.58h-7.71c-.36-.92-1.25-1.58-2.3-1.58s-1.95.67-2.3,1.6h-.9c-.24,0-.43-.19-.43-.43V6.52c0-.16.13-.29.29-.29h9.98s0,2.96,0,2.96c0,1.36,1.11,2.47,2.47,2.47h2.31c.36,0,.65-.29.65-.65s-.29-.65-.65-.65h-2.31c-.65,0-1.17-.53-1.17-1.17v-2.96h.72c.64.04,1.24.32,1.67.77.25.27.74,1.17,1.13,1.89.4.74.78,1.43,1.08,1.83.42.56,1.23,1.11,1.95,1.59.37.25.76.51.9.66.65.67.7,1.57.47,2.13Z" fill="#4c9c2e" stroke-width="0"></path></svg> </span><div><p class="section-highlight__title">Sistemes entrega</p><p class="section-highlight__text">Consulta disponibilitat</p></div></a></div></div></section><section class="container-base section-banners"><div class="section-banners section-banners__content d-flex flex-column"><h2 class="h4 content-title-home d-none d-md-block">Novetats i promocions</h2><div class="section-banners section-banners--big"><div class="section-banners__item banner"><div class="banner__image"><img class="banner__img" src="https://images.bonarea.com/banner/banner_promo_paella_big_ca.jpg" border="0"></div><a class="banner__link" href="/ca/shop/shopping/13_147" onclick="gaEventSendClickBanner('2025 paella')"><div class="row g-0"><div class="col-12 col-sm-7 col-md-8 col-lg-7 col-xl-7 col-xxl-6 d-flex flex-column banner__content"><div class="banner__body"><h2 class="banner__title"></h2><p class="banner__lead d-none d-md-block"></p><p class="banner__text-legal mt-auto d-none d-md-block">Vàlid del 6 al 19 de maig</p></div><div class="banner__btn">Veure productes</div></div></div></a></div></div><div class="section-banners section-banners--small d-flex"><div class="section-banners__item banner"><div class="banner__image"><img class="banner__img" src="https://images.bonarea.com/banner/banner_jardi_i_exteriors_small.jpg" border="0"></div><a class="banner__link" href="/ca/shop/shopping/13_101" onclick="gaEventSendClickBanner('2025 jardí')"><div class="row g-0"><div class="col-12 col-sm-7 col-md-8 col-lg-7 col-xl-7 col-xxl-6 d-flex flex-column banner__content"><div class="banner__body"><h2 class="banner__title">El teu jardí a punt</h2><p class="banner__lead d-none d-md-block">per gaudir del bon temps</p></div></div></div></a></div><div class="section-banners__item banner"><div class="banner__image"><img class="banner__img" src="https://images.bonarea.com/banner/banner_embotits_small.jpg" border="0"></div><a class="banner__link" href="/ca/shop/shopping/13_092" onclick="gaEventSendClickBanner('2025 embotit')"><div class="row g-0"><div class="col-12 col-sm-7 col-md-8 col-lg-7 col-xl-7 col-xxl-6 d-flex flex-column banner__content"><div class="banner__body"><h2 class="banner__title">Embotits de qualitat</h2><p class="banner__lead d-none d-md-block">el gust de sempre</p></div></div></div></a></div></div></div></section><section class="container-base section-btn-phone"><div class="section-btn-phone__list list-unstyled d-flex"><div class="navbar__item"><a class="navbar__btn section-btn-phone__btn" href="/ca/shop/shopping/13_205"> <span> <svg xmlns="http://www.w3.org/2000/svg" width="24.07" height="24.07" viewBox="0 0 24.07 24.07"><path d="M12.03,1.12c-2.99,0-5.7,1.21-7.67,3.15,0,0,0,0-.01,0,0,0,0,0,0,0-1.99,1.98-3.23,4.72-3.23,7.75,0,6.03,4.89,10.92,10.92,10.92,6.03,0,10.92-4.89,10.92-10.92,0-6.03-4.89-10.92-10.92-10.92ZM5.02,19.05c-1.8-1.8-2.9-4.27-2.9-7.01,0-2.58,.99-4.91,2.6-6.68l4.2,4.2s.08,.06,.12,.08l-.34,.52s0,.03-.01,.05c-.09-.14-.25-.22-.42-.22-.17,0-.33,.08-.42,.23l-1.52,2.32s-.01,.06-.03,.09h-.02c-.11,.25-.17,.54-.17,.83,0,1.03,.72,1.89,1.69,2.1l-2.41,2.41c-.2,.2-.2,.51,0,.71,.2,.2,.51,.2,.71,0l2.41-2.41c.21,.96,1.07,1.69,2.1,1.69,.3,0,.58-.06,.84-.17v-.02s.05,0,.08-.03l2.32-1.52c.14-.09,.23-.25,.23-.42,0-.17-.08-.32-.22-.41,.02,0,.03,0,.05-.01l.52-.34s.05,.09,.08,.12l4.2,4.2c-1.76,1.61-4.1,2.6-6.68,2.6-2.74,0-5.22-1.11-7.01-2.9ZM15.4,7.03c.11-.11,.23-.19,.37-.24l1.91-.4-.39,1.91c-.06,.13-.13,.26-.24,.37-.23,.23-.52,.34-.82,.34-.3,0-.59-.11-.82-.34-.23-.23-.34-.53-.34-.84,0-.28,.11-.56,.34-.79Zm-4.35,9.83c-.13,.05-.28,.09-.43,.09-.64,0-1.15-.52-1.15-1.15,0-.64,.52-1.15,1.16-1.16,.15,0,.3,.03,.43,.09l1.63,1.07-1.63,1.07Zm-3.84-3.84l1.07-1.63,1.07,1.63c.05,.13,.09,.28,.09,.43,0,.64-.52,1.15-1.16,1.16-.64,0-1.15-.52-1.15-1.15,0-.15,.03-.3,.09-.43Zm6.02-1.73c-.08,0-.16-.02-.24-.02-.07,0-.14,.01-.21,.02,0-.07,.02-.14,.02-.21,0-.08-.02-.16-.02-.24,.08,0,.16,.02,.24,.02,.07,0,.14-.01,.21-.02,0,.07-.02,.14-.02,.21,0,.08,.02,.16,.02,.24Zm-2.37,2.37c-.08,0-.16-.02-.24-.02-.07,0-.14,.01-.21,.02,0-.07,.02-.14,.02-.21,0-.08-.02-.16-.02-.24,.08,0,.16,.02,.24,.02,.07,0,.14-.01,.21-.02,0,.07-.02,.14-.02,.21,0,.08,.02,.16,.02,.24Zm2.56,.83c-.13,.05-.28,.09-.43,.09-.64,0-1.15-.52-1.15-1.15,0-.64,.52-1.15,1.15-1.16,.15,0,.3,.03,.43,.09l1.63,1.07-1.63,1.07Zm2.37-2.37c-.13,.05-.28,.09-.43,.09-.64,0-1.15-.52-1.16-1.16,0-.64,.52-1.15,1.16-1.15,.15,0,.3,.03,.43,.09l1.63,1.07-1.63,1.07Zm-1.7-3.84c.05,.13,.09,.28,.09,.43,0,.64-.52,1.15-1.15,1.16-.64,0-1.15-.52-1.16-1.16,0-.15,.03-.3,.09-.43l1.07-1.63,1.07,1.63Zm-2.37,2.37c.05,.13,.09,.28,.09,.43,0,.64-.52,1.15-1.16,1.15-.64,0-1.15-.52-1.16-1.15,0-.15,.03-.3,.09-.43l1.07-1.63,1.07,1.63Zm7.7,7.99l-4.16-4.16,.97-.64c.14-.09,.23-.25,.23-.42s-.08-.32-.22-.42c.02,0,.04,0,.05-.02l2.32-1.52c.14-.09,.23-.25,.23-.42,0-.17-.08-.33-.23-.42l-1.36-.89c.18-.1,.35-.21,.5-.36,.21-.21,.37-.46,.47-.72h-.02s.04-.06,.04-.09l.56-2.72c.03-.17-.02-.34-.14-.46-.12-.12-.29-.17-.46-.14l-2.72,.56s-.05,.03-.08,.04v-.02c-.27,.11-.51,.26-.72,.47-.15,.15-.26,.32-.36,.5l-.89-1.36c-.09-.14-.25-.23-.42-.23-.17,0-.33,.08-.42,.23l-1.52,2.32s0,.04-.02,.05c-.09-.14-.25-.23-.42-.22-.17,0-.33,.08-.42,.23l-.64,.97L5.43,4.65c1.76-1.57,4.06-2.53,6.61-2.53,2.74,0,5.22,1.11,7.01,2.9,1.8,1.8,2.9,4.27,2.9,7.01,0,2.54-.96,4.85-2.54,6.61Z" fill="currentColor"></path></svg> </span> <span>Sense gluten</span> <i class="icon-angle-right ms-auto"></i> </a></div><div class="navbar__item"><a class="navbar__btn section-btn-phone__btn" href="/ca/shop/shopping/13_240"> <span> <svg xmlns="http://www.w3.org/2000/svg" width="24.07" height="24.07" viewBox="0 0 24.07 24.07"><path d="M22.65,10.15c-.66-.23-1.36-.3-2.05-.2,1.15,5.24-2.16,10.42-7.4,11.58-.69,.15-1.39,.23-2.1,.23h-.12c-5.37-.07-9.67-4.48-9.6-9.86S5.86,2.24,11.24,2.31c1.63,.02,3.22,.45,4.64,1.25l-.61,1.08c-1.24-.7-2.63-1.07-4.05-1.09h-.11c-4.69-.03-8.51,3.75-8.54,8.43-.03,4.69,3.75,8.51,8.43,8.54h.11c4.69,0,8.49-3.82,8.48-8.51v-.18c-3.42,4.85-8.24,4.17-13.61,4.01,2.3-5.47,4.31-7.6,12.94-7.4,.1,0,.21,.01,.31,.03-3.83,.06-7.47,1.7-10.05,4.53h0c3.8-2.94,8.59-4.29,13.37-3.76,.13,.29,.17,.61,.1,.92Z" fill="#cbb666"></path></svg> </span> <span>Gourmet</span> <i class="icon-angle-right ms-auto"></i> </a></div><div class="navbar__item"><a class="navbar__btn section-btn-phone__btn" href="/ca/shop/QuickPurchase"> <span> <svg xmlns="http://www.w3.org/2000/svg" width="24.07" height="24.07" viewBox="0 0 24.07 24.07"><path d="M18.74,11.85h0s0,0,0,0h0Zm.25-.63c0,.22-.08,.45-.25,.63l-10.05,10.77h0c-.17,.18-.41,.27-.65,.27l-.27-.04h0c-.4-.12-.66-.49-.66-.88l.04-.27h0s2.66-7.94,2.66-7.94h-3.93l-.11-.05-.3-.12-.09-.08c-.19-.18-.3-.43-.29-.68,0-.22,.08-.45,.25-.63h0S15.38,1.45,15.38,1.45h0c.18-.18,.41-.28,.65-.28l.27,.04c.4,.12,.66,.49,.66,.88l-.04,.27h0s-2.66,7.94-2.66,7.94h3.93l.11,.05,.3,.12,.09,.08c.19,.18,.3,.43,.29,.68Zm-10.04,9.22l8.25-8.84h-3.47c-.51,0-.92-.41-.92-.92v-.03s0-.04,0-.04v-.04s.03-.14,.03-.14l2.28-6.81L6.88,12.47h3.47c.5,0,.89,.4,.91,.89h0s0,.07,0,.07v.07s-.03,.14-.03,.14l-2.28,6.81Zm-2.66-7.34h0s0,0,0,0Zm1.5,9.76h0s0,0,0,0h.01Z" fill="#eb4c5c"></path></svg> </span> <span>Més venuts</span> <i class="icon-angle-right ms-auto"></i> </a></div><div class="navbar__item"><a class="navbar__btn section-btn-phone__btn" href="/ca/shop/shopping/13_97"> <span> <svg xmlns="http://www.w3.org/2000/svg" width="24.07" height="24.07" viewBox="0 0 24.07 24.07"><path d="M14.64,9.53l-3.63,3.62-1.58-1.58c-.25-.25-.67-.25-.92,0s-.25,.67,0,.92l2.5,2.5,4.55-4.54c.25-.25,.25-.67,0-.92-.25-.25-.67-.25-.92,0Z" fill="#4c9c2e"></path><path d="M22.27,11.18c-.11-.17-.26-.32-.43-.43l-2.45-1.63c-.08-.05-.12-.15-.1-.24l.58-2.88c.17-.83-.38-1.64-1.21-1.81-.2-.04-.4-.04-.6,0l-2.88,.58c-.1,.02-.19-.02-.24-.1l-1.63-2.45c-.47-.7-1.42-.9-2.13-.43-.18,.11-.32,.26-.43,.43l-1.63,2.44c-.05,.08-.15,.12-.24,.1l-2.88-.58c-.83-.17-1.64,.37-1.81,1.2-.04,.2-.04,.41,0,.61l.58,2.88c.02,.09-.02,.19-.1,.24l-2.45,1.63c-.7,.47-.9,1.42-.43,2.13,.11,.17,.26,.32,.43,.43l2.45,1.63c.08,.05,.12,.15,.1,.24l-.58,2.88c-.17,.83,.36,1.65,1.2,1.82,.2,.04,.4,.04,.6,0l2.88-.58c.09-.02,.19,.02,.24,.1l1.63,2.45c.3,.44,.78,.69,1.28,.69,.29,0,.59-.08,.85-.26,.17-.11,.31-.26,.43-.43l1.63-2.45c.05-.08,.15-.11,.24-.1l2.88,.58c.83,.16,1.64-.37,1.81-1.2,.04-.2,.04-.41,0-.61l-.58-2.88c-.02-.1,.02-.19,.1-.24l2.45-1.63c.7-.47,.9-1.42,.43-2.13Zm-1.15,1.04l-2.45,1.63c-.53,.35-.79,.97-.66,1.59l.58,2.97c-.03,.13-.15,.21-.28,.19l-2.88-.58c-.61-.12-1.23,.13-1.58,.65l-1.69,2.51c-.11,.07-.26,.04-.33-.07l-1.63-2.45c-.29-.43-.77-.68-1.27-.68-.1,0-.2,0-.3,.03l-2.97,.58c-.13-.03-.21-.15-.18-.29l.58-2.88c.12-.61-.13-1.23-.65-1.58l-2.51-1.69c-.07-.11-.04-.26,.07-.33l2.45-1.63c.52-.35,.78-.97,.65-1.58l-.58-2.97c.03-.13,.15-.21,.28-.19l2.88,.58c.61,.12,1.23-.14,1.58-.65l1.7-2.51c.11-.07,.26-.04,.33,.07l1.63,2.45c.35,.52,.96,.78,1.58,.65l2.97-.58c.13,.03,.21,.15,.19,.28l-.58,2.88c-.12,.61,.13,1.23,.65,1.58l2.51,1.69c.07,.11,.04,.25-.07,.33Z" fill="#4c9c2e"></path></svg> </span> <span>Novetats</span> <i class="icon-angle-right ms-auto"></i> </a></div><div class="navbar__item"><a class="navbar__btn section-btn-phone__btn" href="/ca/shop/recipe"> <span> <svg xmlns="http://www.w3.org/2000/svg" width="24.07" height="24.07" viewBox="0 0 24.07 24.07"><path d="M22.59,9.5c-.06-1.49-.76-2.89-1.86-3.77-1.14-1.22-2.84-1.74-4.45-1.39-.71-.99-1.74-1.69-2.93-2-1.36-.35-2.77-.16-3.98,.55-.63,.37-1.17,.86-1.59,1.45-1.61-.35-3.3,.17-4.38,1.33-1.07,.84-1.74,2.05-1.9,3.41-.16,1.35,.22,2.68,1.07,3.75,.77,.97,1.86,1.62,3.06,1.84v4.97c0,1.26,1.02,2.28,2.28,2.28h8.24c1.26,0,2.28-1.02,2.28-2.28v-4.99c2.39-.51,4.14-2.61,4.15-5.11v-.03Zm-6.44,11.11H7.92c-.54,0-.98-.44-.98-.98v-1.63h10.2v1.63c0,.54-.44,.98-.98,.98Zm1.57-7.17l-.58,.06v3.2H6.94v-3.22l-.61-.04c-1.07-.07-2.07-.59-2.73-1.43-.63-.79-.91-1.79-.79-2.79,.12-1.01,.62-1.91,1.48-2.6,.66-.7,1.57-1.08,2.5-1.08,.36,0,.72,.06,1.07,.17l.5,.17,.27-.45c.34-.58,.83-1.07,1.41-1.41,.91-.53,1.97-.68,2.99-.42,1.02,.27,1.88,.91,2.41,1.82l.27,.45,.5-.17c1.27-.42,2.67-.06,3.64,.97,.87,.71,1.39,1.75,1.44,2.86-.02,2.02-1.55,3.7-3.57,3.9Z" fill="#4c9c2e"></path></svg> </span> <span>Receptes</span> <i class="icon-angle-right ms-auto"></i> </a></div></div></section><section class="container-base section-home-products"><div class="section-home-products__content"><div class="section-home-products__item position-relative"><div class="section-home-products__title d-flex align-items-end"><div><h2 class="h4">Novetats</h2><p class="description d-none d-lg-block">Les últimes novetats de bonÀrea</p></div><a class="ms-auto link-see-more" href="/ca/shop/shopping/13_97"> <span>Veure tots</span> <i class="icon-angle-right-primary"></i></a></div><div class="section-home-products__scrolling"><div id="section-scroll-Novetats" class="center-div-alignement-shopping center-div-alignement-shopping--scrolling section-scroll-mobile"><div class="block-product block-product-shopping none" id="liArticle0"><a href="javascript:void(null)" data-identifier="13*9779" data-friendly="/online/producte/gaspatxo-bric/13_9779" class="article-link"><div class="info clearfix"><div class="foto"><div class="icons-type clearfix"><span class="tag-new-producto">Nou</span> <span class="ico-no-gluten"></span></div><img data-src="https://images.bonarea.com/13_9779_1.png?width=175&amp;height=175" alt="Gaspatxo bric" class="img-fluid lazyloaded" src="https://images.bonarea.com/13_9779_1.png?width=175&amp;height=175"></div><div class="text"><p>Gaspatxo bric</p><div class="weight">1 l</div></div></div></a><div class="mt-auto"><div class="price"><span>1,95 €/u.</span> (1,95 €/l)</div><div class="block-btn-article"><div class="block-buy" style="display:none" id="divArticleAfterBuy0"><div class="block-botons"><a href="javascript:void(null)" onclick="modifArticleCart(0,'13*9779','-1')" class="btn-dec"></a> <input type="text" value="0" class="quantity-wanted principal-wanted" id="quantity-wanted0"> <a href="javascript:void(null)" onclick="modifArticleCart(0,'13*9779','+1')" class="btn-inc"></a></div></div><input type="hidden" id="articleId0" value="13*9779"><a href="javascript:void(null)" onclick="$('#liArticle0').effect('pulsate',{times:3},200);modifArticleCart(0,'13*9779','1')" class="block-buy" id="lnkArticleBeforeBuy0" style="display:"><span>Comprar</span></a><div class="block-add-list" data-id="13*9779" data-type="shopping" data-name="Gaspatxo bric" title="Afegir a llista"><img src="/Content/iconos/icon-add-list.svg"></div></div></div></div><div class="block-product block-product-shopping none" id="liArticle1"><a href="javascript:void(null)" data-identifier="13*9783" data-friendly="/online/producte/salmorejo-bric/13_9783" class="article-link"><div class="info clearfix"><div class="foto"><div class="icons-type clearfix"><span class="tag-new-producto">Nou</span></div><img data-src="https://images.bonarea.com/13_9783_1.png?width=175&amp;height=175" alt="Salmorejo bric" class="img-fluid lazyloaded" src="https://images.bonarea.com/13_9783_1.png?width=175&amp;height=175"></div><div class="text"><p>Salmorejo bric</p><div class="weight">1 l</div></div></div></a><div class="mt-auto"><div class="price"><span>2,30 €/u.</span> (2,30 €/l)</div><div class="block-btn-article"><div class="block-buy" style="display:none" id="divArticleAfterBuy1"><div class="block-botons"><a href="javascript:void(null)" onclick="modifArticleCart(1,'13*9783','-1')" class="btn-dec"></a> <input type="text" value="0" class="quantity-wanted principal-wanted" id="quantity-wanted1"> <a href="javascript:void(null)" onclick="modifArticleCart(1,'13*9783','+1')" class="btn-inc"></a></div></div><input type="hidden" id="articleId1" value="13*9783"><a href="javascript:void(null)" onclick="$('#liArticle1').effect('pulsate',{times:3},200);modifArticleCart(1,'13*9783','1')" class="block-buy" id="lnkArticleBeforeBuy1" style="display:"><span>Comprar</span></a><div class="block-add-list" data-id="13*9783" data-type="shopping" data-name="Salmorejo bric" title="Afegir a llista"><img src="/Content/iconos/icon-add-list.svg"></div></div></div></div><div class="block-product block-product-shopping none" id="liArticle2"><a href="javascript:void(null)" data-identifier="13*9121" data-friendly="/online/producte/gaspatxo-estil-andalus/13_9121" class="article-link"><div class="info clearfix"><div class="foto"><div class="icons-type clearfix"><span class="tag-new-producto">Nou</span> <span class="ico-no-gluten"></span></div><img data-src="https://images.bonarea.com/13_9121_1.png?width=175&amp;height=175" alt="Gaspatxo estil andalús" class="img-fluid lazyloaded" src="https://images.bonarea.com/13_9121_1.png?width=175&amp;height=175"></div><div class="text"><p>Gaspatxo estil andalús</p><div class="weight">300 g</div></div></div></a><div class="mt-auto"><div class="price"><span>1,10 €/u.</span> (3,67 €/kg)</div><div class="block-btn-article"><div class="block-buy" style="display:none" id="divArticleAfterBuy2"><div class="block-botons"><a href="javascript:void(null)" onclick="modifArticleCart(2,'13*9121','-1')" class="btn-dec"></a> <input type="text" value="0" class="quantity-wanted principal-wanted" id="quantity-wanted2"> <a href="javascript:void(null)" onclick="modifArticleCart(2,'13*9121','+1')" class="btn-inc"></a></div></div><input type="hidden" id="articleId2" value="13*9121"><a href="javascript:void(null)" onclick="$('#liArticle2').effect('pulsate',{times:3},200);modifArticleCart(2,'13*9121','1')" class="block-buy" id="lnkArticleBeforeBuy2" style="display:"><span>Comprar</span></a><div class="block-add-list" data-id="13*9121" data-type="shopping" data-name="Gaspatxo estil andalús" title="Afegir a llista"><img src="/Content/iconos/icon-add-list.svg"></div></div></div></div><div class="block-product block-product-shopping none" id="liArticle3"><a href="javascript:void(null)" data-identifier="13*8480" data-friendly="/online/producte/gaspatxo-de-maduixa/13_8480" class="article-link"><div class="info clearfix"><div class="foto"><div class="icons-type clearfix"><span class="tag-new-producto">Nou</span> <span class="ico-no-gluten"></span></div><img data-src="https://images.bonarea.com/13_8480_1.png?width=175&amp;height=175" alt="Gaspatxo de maduixa" class="img-fluid lazyloaded" src="https://images.bonarea.com/13_8480_1.png?width=175&amp;height=175"></div><div class="text"><p>Gaspatxo de maduixa</p><div class="weight">300 g</div></div></div></a><div class="mt-auto"><div class="price"><span>1,25 €/u.</span> (4,17 €/kg)</div><div class="block-btn-article"><div class="block-buy" style="display:none" id="divArticleAfterBuy3"><div class="block-botons"><a href="javascript:void(null)" onclick="modifArticleCart(3,'13*8480','-1')" class="btn-dec"></a> <input type="text" value="0" class="quantity-wanted principal-wanted" id="quantity-wanted3"> <a href="javascript:void(null)" onclick="modifArticleCart(3,'13*8480','+1')" class="btn-inc"></a></div></div><input type="hidden" id="articleId3" value="13*8480"><a href="javascript:void(null)" onclick="$('#liArticle3').effect('pulsate',{times:3},200);modifArticleCart(3,'13*8480','1')" class="block-buy" id="lnkArticleBeforeBuy3" style="display:"><span>Comprar</span></a><div class="block-add-list" data-id="13*8480" data-type="shopping" data-name="Gaspatxo de maduixa" title="Afegir a llista"><img src="/Content/iconos/icon-add-list.svg"></div></div></div></div><div class="block-product block-product-shopping none" id="liArticle4"><a href="javascript:void(null)" data-identifier="13*8399" data-friendly="/online/producte/sucre-more-de-canya-integral/13_8399" class="article-link"><div class="info clearfix"><div class="foto"><div class="icons-type clearfix"><span class="tag-new-producto">Nou</span></div><img data-src="https://images.bonarea.com/13_8399_1.png?width=175&amp;height=175" alt="Sucre morè de canya integral" class="img-fluid lazyloaded" src="https://images.bonarea.com/13_8399_1.png?width=175&amp;height=175"></div><div class="text"><p>Sucre morè de canya integral</p><div class="weight">1 kg</div></div></div></a><div class="mt-auto"><div class="price"><span>1,85 €/u.</span> (1,85 €/kg)</div><div class="block-btn-article"><div class="block-buy" style="display:none" id="divArticleAfterBuy4"><div class="block-botons"><a href="javascript:void(null)" onclick="modifArticleCart(4,'13*8399','-1')" class="btn-dec"></a> <input type="text" value="0" class="quantity-wanted principal-wanted" id="quantity-wanted4"> <a href="javascript:void(null)" onclick="modifArticleCart(4,'13*8399','+1')" class="btn-inc"></a></div></div><input type="hidden" id="articleId4" value="13*8399"><a href="javascript:void(null)" onclick="$('#liArticle4').effect('pulsate',{times:3},200);modifArticleCart(4,'13*8399','1')" class="block-buy" id="lnkArticleBeforeBuy4" style="display:"><span>Comprar</span></a><div class="block-add-list" data-id="13*8399" data-type="shopping" data-name="Sucre morè de canya integral" title="Afegir a llista"><img src="/Content/iconos/icon-add-list.svg"></div></div></div></div><div class="block-product block-product-shopping none" id="liArticle5"><a href="javascript:void(null)" data-identifier="13*9614" data-friendly="/online/producte/aigua-amb-gas/13_9614" class="article-link"><div class="info clearfix"><div class="foto"><div class="icons-type clearfix"><span class="tag-new-producto">Nou</span></div><img data-src="https://images.bonarea.com/13_9614_1.png?width=175&amp;height=175" alt="Aigua amb gas" class="img-fluid lazyloaded" src="https://images.bonarea.com/13_9614_1.png?width=175&amp;height=175"></div><div class="text"><p>Aigua amb gas</p><div class="weight">1,25 l</div></div></div></a><div class="mt-auto"><div class="price"><span>0,75 €/u.</span> (0,60 €/l)</div><div class="block-btn-article"><div class="block-buy" style="display:none" id="divArticleAfterBuy5"><div class="block-botons"><a href="javascript:void(null)" onclick="modifArticleCart(5,'13*9614','-1')" class="btn-dec"></a> <input type="text" value="0" class="quantity-wanted principal-wanted" id="quantity-wanted5"> <a href="javascript:void(null)" onclick="modifArticleCart(5,'13*9614','+1')" class="btn-inc"></a></div></div><input type="hidden" id="articleId5" value="13*9614"><a href="javascript:void(null)" onclick="$('#liArticle5').effect('pulsate',{times:3},200);modifArticleCart(5,'13*9614','1')" class="block-buy" id="lnkArticleBeforeBuy5" style="display:"><span>Comprar</span></a><div class="block-add-list" data-id="13*9614" data-type="shopping" data-name="Aigua amb gas" title="Afegir a llista"><img src="/Content/iconos/icon-add-list.svg"></div></div></div></div></div><div class="btn-scroll-products d-md-block d-xxl-none"><a class="btn-scroll-mobile__left d-none" onclick="scrollHorizontal(-1,'section-scroll-Novetats');showScrollLeft('section-scroll-Novetats')"><div class="btn-scroll-mobile__back"><span class="icon-angle-scroll-left"></span></div></a> <a class="btn-scroll-mobile__right" onclick="scrollHorizontal(1,'section-scroll-Novetats');showScrollLeft('section-scroll-Novetats')"><div class="btn-scroll-mobile__back"><span class="icon-angle-scroll-right"></span></div></a></div></div></div><div class="section-home-products__item position-relative"><div class="section-home-products__title d-flex align-items-end"><div><h2 class="h4">Estalvia amb bonÀrea</h2><p class="description d-none d-lg-block">Baixada de preus</p></div><a class="ms-auto link-see-more" href="/ca/shop/shopping/13_094"> <span>Veure tots</span> <i class="icon-angle-right-primary"></i></a></div><div class="section-home-products__scrolling"><div id="section-scroll-Estalvia" class="center-div-alignement-shopping center-div-alignement-shopping--scrolling section-scroll-mobile"><div class="block-product block-product-shopping none" id="liArticle6"><a href="javascript:void(null)" data-identifier="13*2125" data-friendly="/online/producte/kiwi-gold/13_2125" class="article-link"><div class="info clearfix"><div class="foto"><div class="icons-type clearfix"><span class="ico-low-price">Baixada preu</span></div><img data-src="https://images.bonarea.com/13_2125_1.png?width=175&amp;height=175" alt="Kiwi gold" class="img-fluid lazyload"></div><div class="text"><p>Kiwi gold</p><div class="weight">aprox. 330 g</div></div></div></a><div class="mt-auto"><div class="price"><span>2,35 €/u.</span> (7,12 €/kg)</div><div class="block-btn-article"><div class="block-buy" style="display:none" id="divArticleAfterBuy6"><div class="block-botons"><a href="javascript:void(null)" onclick="modifArticleCart(6,'13*2125','-1')" class="btn-dec"></a> <input type="text" value="0" class="quantity-wanted principal-wanted" id="quantity-wanted6"> <a href="javascript:void(null)" onclick="modifArticleCart(6,'13*2125','+1')" class="btn-inc"></a></div></div><input type="hidden" id="articleId6" value="13*2125"><a href="javascript:void(null)" onclick="$('#liArticle6').effect('pulsate',{times:3},200);modifArticleCart(6,'13*2125','1')" class="block-buy" id="lnkArticleBeforeBuy6" style="display:"><span>Comprar</span></a><div class="block-add-list" data-id="13*2125" data-type="shopping" data-name="Kiwi gold" title="Afegir a llista"><img src="/Content/iconos/icon-add-list.svg"></div></div></div></div><div class="block-product block-product-shopping none" id="liArticle7"><a href="javascript:void(null)" data-identifier="13*0020658" data-friendly="/online/producte/oli-d-oliva-verge-extra-borges-arbequina/13_0020658" class="article-link"><div class="info clearfix"><div class="foto"><div class="icons-type clearfix"><span class="ico-low-price">Baixada preu</span></div><img data-src="https://images.bonarea.com/13_0020658_1.png?width=175&amp;height=175" alt="Oli d'oliva verge extra Borges arbequina" class="img-fluid lazyload"></div><div class="text"><p>Oli d'oliva verge extra Borges arbequina</p><div class="weight">75 cl</div></div></div></a><div class="mt-auto"><div class="price"><span>7,99 €/u.</span> (10,65 €/l)</div><div class="block-btn-article"><div class="block-buy" style="display:none" id="divArticleAfterBuy7"><div class="block-botons"><a href="javascript:void(null)" onclick="modifArticleCart(7,'13*0020658','-1')" class="btn-dec"></a> <input type="text" value="0" class="quantity-wanted principal-wanted" id="quantity-wanted7"> <a href="javascript:void(null)" onclick="modifArticleCart(7,'13*0020658','+1')" class="btn-inc"></a></div></div><input type="hidden" id="articleId7" value="13*0020658"><a href="javascript:void(null)" onclick="$('#liArticle7').effect('pulsate',{times:3},200);modifArticleCart(7,'13*0020658','1')" class="block-buy" id="lnkArticleBeforeBuy7" style="display:"><span>Comprar</span></a><div class="block-add-list" data-id="13*0020658" data-type="shopping" data-name="Oli d'oliva verge extra Borges arbequina" title="Afegir a llista"><img src="/Content/iconos/icon-add-list.svg"></div></div></div></div><div class="block-product block-product-shopping none" id="liArticle8"><a href="javascript:void(null)" data-identifier="13*0088155" data-friendly="/online/producte/oli-d-oliva-verge-extra-borges-arbequina/13_0088155" class="article-link"><div class="info clearfix"><div class="foto"><div class="icons-type clearfix"><span class="ico-low-price">Baixada preu</span></div><img data-src="https://images.bonarea.com/13_0088155_1.png?width=175&amp;height=175" alt="Oli d'oliva verge extra Borges arbequina" class="img-fluid lazyload"></div><div class="text"><p>Oli d'oliva verge extra Borges arbequina</p><div class="weight">250 ml</div></div></div></a><div class="mt-auto"><div class="price"><span>3,10 €/u.</span> (12,40 €/l)</div><div class="block-btn-article"><div class="block-buy" style="display:none" id="divArticleAfterBuy8"><div class="block-botons"><a href="javascript:void(null)" onclick="modifArticleCart(8,'13*0088155','-1')" class="btn-dec"></a> <input type="text" value="0" class="quantity-wanted principal-wanted" id="quantity-wanted8"> <a href="javascript:void(null)" onclick="modifArticleCart(8,'13*0088155','+1')" class="btn-inc"></a></div></div><input type="hidden" id="articleId8" value="13*0088155"><a href="javascript:void(null)" onclick="$('#liArticle8').effect('pulsate',{times:3},200);modifArticleCart(8,'13*0088155','1')" class="block-buy" id="lnkArticleBeforeBuy8" style="display:"><span>Comprar</span></a><div class="block-add-list" data-id="13*0088155" data-type="shopping" data-name="Oli d'oliva verge extra Borges arbequina" title="Afegir a llista"><img src="/Content/iconos/icon-add-list.svg"></div></div></div></div><div class="block-product block-product-shopping none" id="liArticle9"><a href="javascript:void(null)" data-identifier="13*0091499" data-friendly="/online/producte/oli-d-oliva-verge-extra-ybarra/13_0091499" class="article-link"><div class="info clearfix"><div class="foto"><div class="icons-type clearfix"><span class="ico-low-price">Baixada preu</span></div><img data-src="https://images.bonarea.com/13_0091499_1.png?width=175&amp;height=175" alt="Oli d'oliva verge extra Ybarra" class="img-fluid lazyload"></div><div class="text"><p>Oli d'oliva verge extra Ybarra</p><div class="weight">1 l</div></div></div></a><div class="mt-auto"><div class="price"><span>6,15 €/u.</span> (6,15 €/l)</div><div class="block-btn-article"><div class="block-buy" style="display:none" id="divArticleAfterBuy9"><div class="block-botons"><a href="javascript:void(null)" onclick="modifArticleCart(9,'13*0091499','-1')" class="btn-dec"></a> <input type="text" value="0" class="quantity-wanted principal-wanted" id="quantity-wanted9"> <a href="javascript:void(null)" onclick="modifArticleCart(9,'13*0091499','+1')" class="btn-inc"></a></div></div><input type="hidden" id="articleId9" value="13*0091499"><a href="javascript:void(null)" onclick="$('#liArticle9').effect('pulsate',{times:3},200);modifArticleCart(9,'13*0091499','1')" class="block-buy" id="lnkArticleBeforeBuy9" style="display:"><span>Comprar</span></a><div class="block-add-list" data-id="13*0091499" data-type="shopping" data-name="Oli d'oliva verge extra Ybarra" title="Afegir a llista"><img src="/Content/iconos/icon-add-list.svg"></div></div></div></div><div class="block-product block-product-shopping none" id="liArticle10"><a href="javascript:void(null)" data-identifier="99*0370" data-friendly="/online/producte/gelat-bombo-cruixent/99_0370" class="article-link"><div class="info clearfix"><div class="foto"><div class="icons-type clearfix"><span class="ico-low-price">Baixada preu</span> <span class="ico-congelat"></span></div><img data-src="https://images.bonarea.com/13_0370_1.png?width=175&amp;height=175" alt="Gelat bombó cruixent" class="img-fluid lazyload"></div><div class="text"><p>Gelat bombó cruixent</p><div class="weight">500 ml</div></div></div></a><div class="mt-auto"><div class="price"><span>3,60 €/u.</span> (7,20 €/l)</div><div class="block-btn-article"><div class="block-buy" style="display:none" id="divArticleAfterBuy10"><div class="block-botons"><a href="javascript:void(null)" onclick="modifArticleCart(10,'99*0370','-1')" class="btn-dec"></a> <input type="text" value="0" class="quantity-wanted principal-wanted" id="quantity-wanted10"> <a href="javascript:void(null)" onclick="modifArticleCart(10,'99*0370','+1')" class="btn-inc"></a></div></div><input type="hidden" id="articleId10" value="99*0370"><a href="javascript:void(null)" onclick="$('#liArticle10').effect('pulsate',{times:3},200);modifArticleCart(10,'99*0370','1')" class="block-buy" id="lnkArticleBeforeBuy10" style="display:"><span>Comprar</span></a><div class="block-add-list" data-id="99*0370" data-type="shopping" data-name="Gelat bombó cruixent" title="Afegir a llista"><img src="/Content/iconos/icon-add-list.svg"></div></div></div></div><div class="block-product block-product-shopping none" id="liArticle11"><a href="javascript:void(null)" data-identifier="99*0368" data-friendly="/online/producte/gelat-cucurutxo-al-cacau-paq-4-u/99_0368" class="article-link"><div class="info clearfix"><div class="foto"><div class="icons-type clearfix"><span class="ico-low-price">Baixada preu</span> <span class="ico-congelat"></span></div><img data-src="https://images.bonarea.com/13_0368_1.png?width=175&amp;height=175" alt="Gelat cucurutxo al cacau paq. 4 u." class="img-fluid lazyload"></div><div class="text"><p>Gelat cucurutxo al cacau paq. 4 u.</p><div class="weight">500 ml</div></div></div></a><div class="mt-auto"><div class="price"><span>2,50 €/u.</span> (5,00 €/l)</div><div class="block-btn-article"><div class="block-buy" style="display:none" id="divArticleAfterBuy11"><div class="block-botons"><a href="javascript:void(null)" onclick="modifArticleCart(11,'99*0368','-1')" class="btn-dec"></a> <input type="text" value="0" class="quantity-wanted principal-wanted" id="quantity-wanted11"> <a href="javascript:void(null)" onclick="modifArticleCart(11,'99*0368','+1')" class="btn-inc"></a></div></div><input type="hidden" id="articleId11" value="99*0368"><a href="javascript:void(null)" onclick="$('#liArticle11').effect('pulsate',{times:3},200);modifArticleCart(11,'99*0368','1')" class="block-buy" id="lnkArticleBeforeBuy11" style="display:"><span>Comprar</span></a><div class="block-add-list" data-id="99*0368" data-type="shopping" data-name="Gelat cucurutxo al cacau paq. 4 u." title="Afegir a llista"><img src="/Content/iconos/icon-add-list.svg"></div></div></div></div></div><div class="btn-scroll-products d-md-block d-xxl-none"><a class="btn-scroll-mobile__left d-none" onclick="scrollHorizontal(-1,'section-scroll-Estalvia');showScrollLeft('section-scroll-Estalvia')"><div class="btn-scroll-mobile__back"><span class="icon-angle-scroll-left"></span></div></a> <a class="btn-scroll-mobile__right" onclick="scrollHorizontal(1,'section-scroll-Estalvia');showScrollLeft('section-scroll-Estalvia')"><div class="btn-scroll-mobile__back"><span class="icon-angle-scroll-right"></span></div></a></div></div></div><div class="section-home-products__item position-relative"><div class="section-home-products__title d-flex align-items-end"><div><h2 class="h4">bonÀrea Mascota</h2><p class="description d-none d-lg-block"></p></div><a class="ms-auto link-see-more" href="/ca/shop/shopping/13_210"> <span>Veure tots</span> <i class="icon-angle-right-primary"></i></a></div><div class="section-home-products__scrolling"><div id="section-scroll-bonÀrea" class="center-div-alignement-shopping center-div-alignement-shopping--scrolling section-scroll-mobile"><div class="block-product block-product-shopping none" id="liArticle12"><a href="javascript:void(null)" data-identifier="13*7117" data-friendly="/online/producte/salmo-adults/13_7117" class="article-link"><div class="info clearfix"><div class="foto"><div class="icons-type clearfix"></div><img data-src="https://images.bonarea.com/13_7117_1.png?width=175&amp;height=175" alt="Salmó adults" class="img-fluid lazyload"></div><div class="text"><p>Salmó adults</p><div class="weight">10 kg</div></div></div></a><div class="mt-auto"><div class="price"><span>13,80 €/u.</span> (1,38 €/kg)</div><div class="block-btn-article"><div class="block-buy" style="display:none" id="divArticleAfterBuy12"><div class="block-botons"><a href="javascript:void(null)" onclick="modifArticleCart(12,'13*7117','-1')" class="btn-dec"></a> <input type="text" value="0" class="quantity-wanted principal-wanted" id="quantity-wanted12"> <a href="javascript:void(null)" onclick="modifArticleCart(12,'13*7117','+1')" class="btn-inc"></a></div></div><input type="hidden" id="articleId12" value="13*7117"><a href="javascript:void(null)" onclick="$('#liArticle12').effect('pulsate',{times:3},200);modifArticleCart(12,'13*7117','1')" class="block-buy" id="lnkArticleBeforeBuy12" style="display:"><span>Comprar</span></a><div class="block-add-list" data-id="13*7117" data-type="shopping" data-name="Salmó adults" title="Afegir a llista"><img src="/Content/iconos/icon-add-list.svg"></div></div></div></div><div class="block-product block-product-shopping none" id="liArticle13"><a href="javascript:void(null)" data-identifier="13*7116" data-friendly="/online/producte/salmo-adults/13_7116" class="article-link"><div class="info clearfix"><div class="foto"><div class="icons-type clearfix"></div><img data-src="https://images.bonarea.com/13_7116_1.png?width=175&amp;height=175" alt="Salmó adults" class="img-fluid lazyload"></div><div class="text"><p>Salmó adults</p><div class="weight">3 kg</div></div></div></a><div class="mt-auto"><div class="price"><span>4,44 €/u.</span> (1,48 €/kg)</div><div class="block-btn-article"><div class="block-buy" style="display:none" id="divArticleAfterBuy13"><div class="block-botons"><a href="javascript:void(null)" onclick="modifArticleCart(13,'13*7116','-1')" class="btn-dec"></a> <input type="text" value="0" class="quantity-wanted principal-wanted" id="quantity-wanted13"> <a href="javascript:void(null)" onclick="modifArticleCart(13,'13*7116','+1')" class="btn-inc"></a></div></div><input type="hidden" id="articleId13" value="13*7116"><a href="javascript:void(null)" onclick="$('#liArticle13').effect('pulsate',{times:3},200);modifArticleCart(13,'13*7116','1')" class="block-buy" id="lnkArticleBeforeBuy13" style="display:"><span>Comprar</span></a><div class="block-add-list" data-id="13*7116" data-type="shopping" data-name="Salmó adults" title="Afegir a llista"><img src="/Content/iconos/icon-add-list.svg"></div></div></div></div><div class="block-product block-product-shopping none" id="liArticle14"><a href="javascript:void(null)" data-identifier="13*7304" data-friendly="/online/producte/original-adults/13_7304" class="article-link"><div class="info clearfix"><div class="foto"><div class="icons-type clearfix"></div><img data-src="https://images.bonarea.com/13_7304_1.png?width=175&amp;height=175" alt="Original adults" class="img-fluid lazyload"></div><div class="text"><p>Original adults</p><div class="weight">10 kg</div></div></div></a><div class="mt-auto"><div class="price"><span>13,60 €/u.</span> (1,36 €/kg)</div><div class="block-btn-article"><div class="block-buy" style="display:none" id="divArticleAfterBuy14"><div class="block-botons"><a href="javascript:void(null)" onclick="modifArticleCart(14,'13*7304','-1')" class="btn-dec"></a> <input type="text" value="0" class="quantity-wanted principal-wanted" id="quantity-wanted14"> <a href="javascript:void(null)" onclick="modifArticleCart(14,'13*7304','+1')" class="btn-inc"></a></div></div><input type="hidden" id="articleId14" value="13*7304"><a href="javascript:void(null)" onclick="$('#liArticle14').effect('pulsate',{times:3},200);modifArticleCart(14,'13*7304','1')" class="block-buy" id="lnkArticleBeforeBuy14" style="display:"><span>Comprar</span></a><div class="block-add-list" data-id="13*7304" data-type="shopping" data-name="Original adults" title="Afegir a llista"><img src="/Content/iconos/icon-add-list.svg"></div></div></div></div><div class="block-product block-product-shopping none" id="liArticle15"><a href="javascript:void(null)" data-identifier="13*7381" data-friendly="/online/producte/original-adults/13_7381" class="article-link"><div class="info clearfix"><div class="foto"><div class="icons-type clearfix"></div><img data-src="https://images.bonarea.com/13_7381_1.png?width=175&amp;height=175" alt="Original adults" class="img-fluid lazyload"></div><div class="text"><p>Original adults</p><div class="weight">3 kg</div></div></div></a><div class="mt-auto"><div class="price"><span>4,38 €/u.</span> (1,46 €/kg)</div><div class="block-btn-article"><div class="block-buy" style="display:none" id="divArticleAfterBuy15"><div class="block-botons"><a href="javascript:void(null)" onclick="modifArticleCart(15,'13*7381','-1')" class="btn-dec"></a> <input type="text" value="0" class="quantity-wanted principal-wanted" id="quantity-wanted15"> <a href="javascript:void(null)" onclick="modifArticleCart(15,'13*7381','+1')" class="btn-inc"></a></div></div><input type="hidden" id="articleId15" value="13*7381"><a href="javascript:void(null)" onclick="$('#liArticle15').effect('pulsate',{times:3},200);modifArticleCart(15,'13*7381','1')" class="block-buy" id="lnkArticleBeforeBuy15" style="display:"><span>Comprar</span></a><div class="block-add-list" data-id="13*7381" data-type="shopping" data-name="Original adults" title="Afegir a llista"><img src="/Content/iconos/icon-add-list.svg"></div></div></div></div><div class="block-product block-product-shopping none" id="liArticle16"><a href="javascript:void(null)" data-identifier="13*7308" data-friendly="/online/producte/junior-2-12-mesos/13_7308" class="article-link"><div class="info clearfix"><div class="foto"><div class="icons-type clearfix"></div><img data-src="https://images.bonarea.com/13_7308_1.png?width=175&amp;height=175" alt="Junior 2-12 mesos" class="img-fluid lazyload"></div><div class="text"><p>Junior 2-12 mesos</p><div class="weight">10 kg</div></div></div></a><div class="mt-auto"><div class="price"><span>15,90 €/u.</span> (1,59 €/kg)</div><div class="block-btn-article"><div class="block-buy" style="display:none" id="divArticleAfterBuy16"><div class="block-botons"><a href="javascript:void(null)" onclick="modifArticleCart(16,'13*7308','-1')" class="btn-dec"></a> <input type="text" value="0" class="quantity-wanted principal-wanted" id="quantity-wanted16"> <a href="javascript:void(null)" onclick="modifArticleCart(16,'13*7308','+1')" class="btn-inc"></a></div></div><input type="hidden" id="articleId16" value="13*7308"><a href="javascript:void(null)" onclick="$('#liArticle16').effect('pulsate',{times:3},200);modifArticleCart(16,'13*7308','1')" class="block-buy" id="lnkArticleBeforeBuy16" style="display:"><span>Comprar</span></a><div class="block-add-list" data-id="13*7308" data-type="shopping" data-name="Junior 2-12 mesos" title="Afegir a llista"><img src="/Content/iconos/icon-add-list.svg"></div></div></div></div><div class="block-product block-product-shopping none" id="liArticle17"><a href="javascript:void(null)" data-identifier="13*7380" data-friendly="/online/producte/junior-2-12-mesos/13_7380" class="article-link"><div class="info clearfix"><div class="foto"><div class="icons-type clearfix"></div><img data-src="https://images.bonarea.com/13_7380_1.png?width=175&amp;height=175" alt="Junior 2-12 mesos" class="img-fluid lazyload"></div><div class="text"><p>Junior 2-12 mesos</p><div class="weight">3 kg</div></div></div></a><div class="mt-auto"><div class="price"><span>5,07 €/u.</span> (1,69 €/kg)</div><div class="block-btn-article"><div class="block-buy" style="display:none" id="divArticleAfterBuy17"><div class="block-botons"><a href="javascript:void(null)" onclick="modifArticleCart(17,'13*7380','-1')" class="btn-dec"></a> <input type="text" value="0" class="quantity-wanted principal-wanted" id="quantity-wanted17"> <a href="javascript:void(null)" onclick="modifArticleCart(17,'13*7380','+1')" class="btn-inc"></a></div></div><input type="hidden" id="articleId17" value="13*7380"><a href="javascript:void(null)" onclick="$('#liArticle17').effect('pulsate',{times:3},200);modifArticleCart(17,'13*7380','1')" class="block-buy" id="lnkArticleBeforeBuy17" style="display:"><span>Comprar</span></a><div class="block-add-list" data-id="13*7380" data-type="shopping" data-name="Junior 2-12 mesos" title="Afegir a llista"><img src="/Content/iconos/icon-add-list.svg"></div></div></div></div></div><div class="btn-scroll-products d-md-block d-xxl-none"><a class="btn-scroll-mobile__left d-none" onclick="scrollHorizontal(-1,'section-scroll-bonÀrea');showScrollLeft('section-scroll-bonÀrea')"><div class="btn-scroll-mobile__back"><span class="icon-angle-scroll-left"></span></div></a> <a class="btn-scroll-mobile__right" onclick="scrollHorizontal(1,'section-scroll-bonÀrea');showScrollLeft('section-scroll-bonÀrea')"><div class="btn-scroll-mobile__back"><span class="icon-angle-scroll-right"></span></div></a></div></div></div><div class="section-home-products__item position-relative"><div class="section-home-products__title d-flex align-items-end"><div><h2 class="h4">Pollastre</h2><p class="description d-none d-lg-block"></p></div><a class="ms-auto link-see-more" href="/ca/shop/shopping/13_115"> <span>Veure tots</span> <i class="icon-angle-right-primary"></i></a></div><div class="section-home-products__scrolling"><div id="section-scroll-Pollastre" class="center-div-alignement-shopping center-div-alignement-shopping--scrolling section-scroll-mobile"><div class="block-product block-product-shopping none" id="liArticle18"><a href="javascript:void(null)" data-identifier="13*5304" data-friendly="/online/producte/pit-de-pollastre-groc-sencer/13_5304" class="article-link"><div class="info clearfix"><div class="foto"><div class="icons-type clearfix"><span class="ico-no-gluten"></span></div><img data-src="https://images.bonarea.com/13_5304_1.png?width=175&amp;height=175" alt="Pit de pollastre groc sencer" class="img-fluid lazyload"></div><div class="text"><p>Pit de pollastre groc sencer</p><div class="weight">aprox. 693 g</div></div></div></a><div class="mt-auto"><div class="price"><span>4,54 €/u.</span> (6,55 €/kg)</div><div class="block-btn-article"><div class="block-buy" style="display:none" id="divArticleAfterBuy18"><div class="block-botons"><a href="javascript:void(null)" onclick="modifArticleCart(18,'13*5304','-1')" class="btn-dec"></a> <input type="text" value="0" class="quantity-wanted principal-wanted" id="quantity-wanted18"> <a href="javascript:void(null)" onclick="modifArticleCart(18,'13*5304','+1')" class="btn-inc"></a></div></div><input type="hidden" id="articleId18" value="13*5304"><a href="javascript:void(null)" onclick="$('#liArticle18').effect('pulsate',{times:3},200);modifArticleCart(18,'13*5304','1')" class="block-buy" id="lnkArticleBeforeBuy18" style="display:"><span>Comprar</span></a><div class="block-add-list" data-id="13*5304" data-type="shopping" data-name="Pit de pollastre groc sencer" title="Afegir a llista"><img src="/Content/iconos/icon-add-list.svg"></div></div></div></div><div class="block-product block-product-shopping none" id="liArticle19"><a href="javascript:void(null)" data-identifier="13*5233" data-friendly="/online/producte/pernilets-de-pollastre-groc/13_5233" class="article-link"><div class="info clearfix"><div class="foto"><div class="icons-type clearfix"><span class="ico-no-gluten"></span></div><img data-src="https://images.bonarea.com/13_5233_1.png?width=175&amp;height=175" alt="Pernilets de pollastre groc" class="img-fluid lazyload"></div><div class="text"><p>Pernilets de pollastre groc</p><div class="weight">aprox. 1,0 kg</div></div></div></a><div class="mt-auto"><div class="price"><span>3,64 €/u.</span> (3,6 €/kg)</div><div class="block-btn-article"><div class="block-buy" style="display:none" id="divArticleAfterBuy19"><div class="block-botons"><a href="javascript:void(null)" onclick="modifArticleCart(19,'13*5233','-1')" class="btn-dec"></a> <input type="text" value="0" class="quantity-wanted principal-wanted" id="quantity-wanted19"> <a href="javascript:void(null)" onclick="modifArticleCart(19,'13*5233','+1')" class="btn-inc"></a></div></div><input type="hidden" id="articleId19" value="13*5233"><a href="javascript:void(null)" onclick="$('#liArticle19').effect('pulsate',{times:3},200);modifArticleCart(19,'13*5233','1')" class="block-buy" id="lnkArticleBeforeBuy19" style="display:"><span>Comprar</span></a><div class="block-add-list" data-id="13*5233" data-type="shopping" data-name="Pernilets de pollastre groc" title="Afegir a llista"><img src="/Content/iconos/icon-add-list.svg"></div></div></div></div><div class="block-product block-product-shopping none" id="liArticle20"><a href="javascript:void(null)" data-identifier="13*6304" data-friendly="/online/producte/pit-de-pollastre-blanc-sencer/13_6304" class="article-link"><div class="info clearfix"><div class="foto"><div class="icons-type clearfix"></div><img data-src="https://images.bonarea.com/13_6304_1.png?width=175&amp;height=175" alt="Pit de pollastre blanc sencer" class="img-fluid lazyload"></div><div class="text"><p>Pit de pollastre blanc sencer</p><div class="weight">aprox. 737 g</div></div></div></a><div class="mt-auto"><div class="price"><span>4,83 €/u.</span> (6,55 €/kg)</div><div class="block-btn-article"><div class="block-buy" style="display:none" id="divArticleAfterBuy20"><div class="block-botons"><a href="javascript:void(null)" onclick="modifArticleCart(20,'13*6304','-1')" class="btn-dec"></a> <input type="text" value="0" class="quantity-wanted principal-wanted" id="quantity-wanted20"> <a href="javascript:void(null)" onclick="modifArticleCart(20,'13*6304','+1')" class="btn-inc"></a></div></div><input type="hidden" id="articleId20" value="13*6304"><a href="javascript:void(null)" onclick="$('#liArticle20').effect('pulsate',{times:3},200);modifArticleCart(20,'13*6304','1')" class="block-buy" id="lnkArticleBeforeBuy20" style="display:"><span>Comprar</span></a><div class="block-add-list" data-id="13*6304" data-type="shopping" data-name="Pit de pollastre blanc sencer" title="Afegir a llista"><img src="/Content/iconos/icon-add-list.svg"></div></div></div></div><div class="block-product block-product-shopping none" id="liArticle21"><a href="javascript:void(null)" data-identifier="13*6306" data-friendly="/online/producte/pernilets-de-pollastre-blanc/13_6306" class="article-link"><div class="info clearfix"><div class="foto"><div class="icons-type clearfix"><span class="ico-no-gluten"></span></div><img data-src="https://images.bonarea.com/13_6306_1.png?width=175&amp;height=175" alt="Pernilets de pollastre blanc" class="img-fluid lazyload"></div><div class="text"><p>Pernilets de pollastre blanc</p><div class="weight">aprox. 1,0 kg</div></div></div></a><div class="mt-auto"><div class="price"><span>3,72 €/u.</span> (3,6 €/kg)</div><div class="block-btn-article"><div class="block-buy" style="display:none" id="divArticleAfterBuy21"><div class="block-botons"><a href="javascript:void(null)" onclick="modifArticleCart(21,'13*6306','-1')" class="btn-dec"></a> <input type="text" value="0" class="quantity-wanted principal-wanted" id="quantity-wanted21"> <a href="javascript:void(null)" onclick="modifArticleCart(21,'13*6306','+1')" class="btn-inc"></a></div></div><input type="hidden" id="articleId21" value="13*6306"><a href="javascript:void(null)" onclick="$('#liArticle21').effect('pulsate',{times:3},200);modifArticleCart(21,'13*6306','1')" class="block-buy" id="lnkArticleBeforeBuy21" style="display:"><span>Comprar</span></a><div class="block-add-list" data-id="13*6306" data-type="shopping" data-name="Pernilets de pollastre blanc" title="Afegir a llista"><img src="/Content/iconos/icon-add-list.svg"></div></div></div></div><div class="block-product block-product-shopping none" id="liArticle22"><a href="javascript:void(null)" data-identifier="13*5317" data-friendly="/online/producte/pit-de-pollastre-groc-filetejat/13_5317" class="article-link"><div class="info clearfix"><div class="foto"><div class="icons-type clearfix"></div><img data-src="https://images.bonarea.com/13_5317_1.png?width=175&amp;height=175" alt="Pit de pollastre groc filetejat" class="img-fluid lazyload"></div><div class="text"><p>Pit de pollastre groc filetejat</p><div class="weight">aprox. 660 g</div></div></div></a><div class="mt-auto"><div class="price"><span>4,69 €/u.</span> (7,1 €/kg)</div><div class="block-btn-article"><div class="block-buy" style="display:none" id="divArticleAfterBuy22"><div class="block-botons"><a href="javascript:void(null)" onclick="modifArticleCart(22,'13*5317','-1')" class="btn-dec"></a> <input type="text" value="0" class="quantity-wanted principal-wanted" id="quantity-wanted22"> <a href="javascript:void(null)" onclick="modifArticleCart(22,'13*5317','+1')" class="btn-inc"></a></div></div><input type="hidden" id="articleId22" value="13*5317"><a href="javascript:void(null)" onclick="$('#liArticle22').effect('pulsate',{times:3},200);modifArticleCart(22,'13*5317','1')" class="block-buy" id="lnkArticleBeforeBuy22" style="display:"><span>Comprar</span></a><div class="block-add-list" data-id="13*5317" data-type="shopping" data-name="Pit de pollastre groc filetejat" title="Afegir a llista"><img src="/Content/iconos/icon-add-list.svg"></div></div></div></div><div class="block-product block-product-shopping none" id="liArticle23"><a href="javascript:void(null)" data-identifier="13*3292" data-friendly="/online/producte/pit-de-pollastre-sencer-65-cereals/13_3292" class="article-link"><div class="info clearfix"><div class="foto"><div class="icons-type clearfix"></div><img data-src="https://images.bonarea.com/13_3292_1.png?width=175&amp;height=175" alt="Pit de pollastre sencer 65% cereals" class="img-fluid lazyload"></div><div class="text"><p>Pit de pollastre sencer 65% cereals</p><div class="weight">aprox. 616 g</div></div></div></a><div class="mt-auto"><div class="price"><span>4,65 €/u.</span> (7,55 €/kg)</div><div class="block-btn-article"><div class="block-buy" style="display:none" id="divArticleAfterBuy23"><div class="block-botons"><a href="javascript:void(null)" onclick="modifArticleCart(23,'13*3292','-1')" class="btn-dec"></a> <input type="text" value="0" class="quantity-wanted principal-wanted" id="quantity-wanted23"> <a href="javascript:void(null)" onclick="modifArticleCart(23,'13*3292','+1')" class="btn-inc"></a></div></div><input type="hidden" id="articleId23" value="13*3292"><a href="javascript:void(null)" onclick="$('#liArticle23').effect('pulsate',{times:3},200);modifArticleCart(23,'13*3292','1')" class="block-buy" id="lnkArticleBeforeBuy23" style="display:"><span>Comprar</span></a><div class="block-add-list" data-id="13*3292" data-type="shopping" data-name="Pit de pollastre sencer 65% cereals" title="Afegir a llista"><img src="/Content/iconos/icon-add-list.svg"></div></div></div></div></div><div class="btn-scroll-products d-md-block d-xxl-none"><a class="btn-scroll-mobile__left d-none" onclick="scrollHorizontal(-1,'section-scroll-Pollastre');showScrollLeft('section-scroll-Pollastre')"><div class="btn-scroll-mobile__back"><span class="icon-angle-scroll-left"></span></div></a> <a class="btn-scroll-mobile__right" onclick="scrollHorizontal(1,'section-scroll-Pollastre');showScrollLeft('section-scroll-Pollastre')"><div class="btn-scroll-mobile__back"><span class="icon-angle-scroll-right"></span></div></a></div></div></div></div></section><div class="main home-featured d-none d-md-block"></div></div><div class="main-container__footer"><footer class="footer"><div class="footer__media"><div class="container-base container-base--footer"><div class="row align-items-sm-center justify-content-center"><div class="col-4 col-sm-4 col-md-5 col-lg-4 col-xl-6"><div class="footer__app d-flex flex-column flex-lg-row"><h6>App mòbil</h6><div><a href="/ca/shop/appinfo" title="App mòbil" class="icon-app-mobile" alt="Icon App mòbil"><img src="/Content/iconos/icon-app-mobile.svg"></a></div></div></div><div class="col-8 col-sm-8 col-md-7 col-lg-8 col-xl-6"><div class="footer__rrss d-flex flex-column flex-lg-row"><h6>Busca'ns a</h6><div class="d-flex gap-sm-3"><a href="https://www.facebook.com/bonarea.oficial/" target="_blank" title="Facebook bonÀrea" alt="Icon Facebook bonÀrea"> <img src="https://www.bonarea-agrupa.com/Content/xxss/icon-facebook.svg"> </a> <a href="https://www.instagram.com/bonareaoficial_cat/" target="_blank" title="Instagram bonÀrea" class="icon-instagram" alt="Icon Instagram bonÀrea"> <img src="https://www.bonarea-agrupa.com/Content/xxss/icon-instagram.svg"> </a> <a href="https://www.youtube.com/c/bonareaoficial/" target="_blank" title="youtube bonÀrea" alt="Icon Youtube bonÀrea"> <img src="https://www.bonarea-agrupa.com/Content/xxss/icon-youtube.svg"> </a> <a href="https://www.linkedin.com/company/bonarea-agrupa" target="_blank" title="LinkedIn bonÀrea" alt="Icon LinkedIn bonÀrea"> <img src="https://www.bonarea-agrupa.com/Content/xxss/icon-linkedin.svg"> </a> <a href="https://www.tiktok.com/@bonareaoficial" target="_blank" title="TikTok bonÀrea" alt="Icon TikTok bonÀrea"> <img src="https://www.bonarea-agrupa.com/Content/xxss/icon-tiktok.svg"> </a></div></div></div></div></div></div><div class="footer__info"><div class="container-base container-base--footer"><div class="row row-cols-1 row-cols-sm-2 row-cols-md-5"><div class="col mb-2 mb-md-0"><div class="footer__list"><h6>Servei al client</h6><div><a href="/ca/shop/Help">Contactar</a></div><div><a href="/Index/Shop/Faq">Devolucions</a></div></div></div><div class="col mb-2 mb-md-0"><div class="footer__list"><h6>Informació</h6><div><a href="/Index/Shop/DeliverySystems">Sistemes entrega</a></div><div><a href="/Index/Shop/Faq">Preguntes freqüents</a></div><div><a href="/Index/Shop/Conditions">Condicions</a></div></div></div><div class="col mb-2 col mb-2 mb-md-0 mt-sm-3 mt-md-0"><div class="footer__list"><h6>Sobre nosaltres</h6><div><a href="https://www.bonarea.com/ca/default/aboutpresentation" target="_blank">Qui som</a></div><div><a href="https://www.directedelcamp.org/ca/" target="_blank">Directe del camp</a></div></div></div><div class="col-12 col-sm-6 mt-sm-3 mt-md-0 col-md-4 col-lg-4 col-xl-4 col-xxl-4 mt-xxl-0"><div class="footer__list"><h6>Compromís</h6><div class="footer-compromiso d-flex"><div title="Seguridad alimentaria" class="footer-compromiso__icon" alt="Icon seguridad alimentaria frente al COVID-19"><img class="img-fluid" src="/Content/iconos/icon-aenor-ca-sa.svg"></div><a href="https://www.directedelcamp.org/ca/" target="_blank" title="Garantia bonÀrea" class="footer-compromiso__icon" alt="Icon Garantia bonÀrea"><img class="img-fluid" src="/Content/iconos/icon-sello-border-v2.svg"></a> <a href="/ca/shop/animalwelfare" onclick="ga('send','event','Accions botiga virtual','Banner','benestar_animal_abril2019')" title="Certificació animal" class="footer-compromiso__icon" alt="Icon AENOR protocolo frente a COVID-19"><img class="img-fluid" src="/Content/iconos/icon-aenor-ca-ba.svg"></a> <a href="/ca/shop/animalwelfare" onclick="ga('send','event','Accions botiga virtual','Banner','benestar_animal_abril2019')" title="Icon Interporc ba" class="footer-compromiso__icon" alt="Icon Interporc ba"><img class="img-fluid footer-compromiso__icon--interporc" src="/Content/iconos/icon-interporc-ba.svg"></a></div></div></div></div></div></div><div class="footer__legal"><div class="container-fluid"><div class="row"><div class="col-sm-12 col-xl-7 text-center text-xl-start">© bonÀrea &nbsp;Traspalau, 8 25210 Guissona (Lleida) &nbsp;|&nbsp; <span class="text-nowrap">Tel. 900 899 988</span> (Telèfon gratuït)</div><div class="col-sm-12 col-xl-5 text-center text-xl-end"><a href="https://www.bonarea-agrupa.com/legalwarning" target="_blank">Avís legal</a> &nbsp;|&nbsp; <a href="https://www.bonarea-agrupa.com/privacypolicy" target="_blank">Política de privacitat</a> &nbsp;|&nbsp; <a href="https://privacyportal-eu.onetrust.com/webform/5d3510b7-6163-4d23-a445-135f8812e590/966a4497-b367-4a7e-b508-1cf266cb7b6d" target="_blank">Drets ARCO</a></div></div></div></div></footer></div></div></div><div class="modal" id="modal-empty-shopping-cart" tabindex="-1" role="dialog" aria-labelledby="myModalLabel"><div class="modal-dialog modal-dialog--default" role="document"><div class="modal-content modal-content--default"><div class="modal-header"><button type="button" class="close" data-bs-dismiss="modal" aria-label="Close"><span aria-hidden="true"><img src="/Content/img/icon-close.svg"></span></button><h4 class="modal-title" id="myModalLabel">Buidar carret de compra</h4></div><div class="modal-body">Estàs segur que vols buidar el carret?</div><div class="modal-footer justify-content-center"><button type="button" class="btn btn-light" data-bs-dismiss="modal">Cancel·lar</button> <button type="button" id="btnCompletelyEmptyCart" class="btn btn-primary">Sí, buidar carret</button></div></div></div></div><div class="modal" id="modal-login" tabindex="-1" role="dialog" aria-labelledby="ModalArticle"><div class="modal-dialog" role="document" style="max-width:360px"><div class="modal-content"><div class="modal-header"><div class="modal-header"><button type="button" class="close" data-bs-dismiss="modal"><img src="/Content/img/icon-close.svg"></button><h4 class="title mb-4">Identifica't</h4></div><form class="form-sign-in" method="post" action="#"><div class="control" style="margin-bottom:15px"><label for="email" class="required control__label">Usuari/mail</label> <input type="text" name="email" id="txtModalUser" class="text required email"></div><div class="control"><label for="password" class="required control__label">Contrasenya</label><div class="content-input-password position-relative"><input type="password" name="password" id="txtModalPassword" class="text required"> <span class="btn-pwd-eye"> <i id="show_eye"> <svg xmlns="http://www.w3.org/2000/svg" width="16" height="16" fill="currentColor" class="bi bi-eye-fill" viewBox="0 0 16 16"><path d="M10.5 8a2.5 2.5 0 1 1-5 0 2.5 2.5 0 0 1 5 0z"></path><path d="M0 8s3-5.5 8-5.5S16 8 16 8s-3 5.5-8 5.5S0 8 0 8zm8 3.5a3.5 3.5 0 1 0 0-7 3.5 3.5 0 0 0 0 7z"></path></svg> </i> <i class="d-none" id="hide_eye"> <svg xmlns="http://www.w3.org/2000/svg" width="16" height="16" fill="currentColor" class="bi bi-eye-slash-fill" viewBox="0 0 16 16"><path d="m10.79 12.912-1.614-1.615a3.5 3.5 0 0 1-4.474-4.474l-2.06-2.06C.938 6.278 0 8 0 8s3 5.5 8 5.5a7.029 7.029 0 0 0 2.79-.588zM5.21 3.088A7.028 7.028 0 0 1 8 2.5c5 0 8 5.5 8 5.5s-.939 1.721-2.641 3.238l-2.062-2.062a3.5 3.5 0 0 0-4.474-4.474L5.21 3.089z"></path><path d="M5.525 7.646a2.5 2.5 0 0 0 2.829 2.829l-2.83-2.829zm4.95.708-2.829-2.83a2.5 2.5 0 0 1 2.829 2.829zm3.171 6-12-12 .708-.708 12 12-.708.708z"></path></svg> </i> </span></div></div><div class="alert alert-danger" style="display:none" id="divErrorLoginModal"><label for="email" class="required" id="lblErrorLoginModal"></label></div><div class="control d-flex gap-3"><div class="form-check"><label> <input class="form-check-input" type="checkbox" id="chkRemember2" value="S" checked=""> Recorda'm </label></div><a class="btn-link text-end" href="/ca/shop/recoverpassword">No recordo la meva contrassenya</a></div><div class="control"><button type="button" class="btn btn-identificat w-100" id="btnModalValidateClient" value="Identifica't">Identifica't</button></div></form><div class="text-center"><p class="label-registrat">No ets client de bonÀrea encara?</p><input type="button" onclick="top.window.location='/ca/shop/register'" class="btn btn-link" value="Registra't"></div></div></div></div></div><div id="login-id" class="invitado-login invisible"><a class="invitado-close" onclick="closeLoginInvitado()">✕</a> Si vols... <a href="#" class="link" data-bs-toggle="modal" data-bs-target="#modal-login" onclick="closeLoginInvitado()">Identifica't</a> , <a href="#" onclick="top.window.location='/ca/shop/register'" class="link">Registra't</a> o continua com a <a href="#" onclick="closeLoginInvitado()" class="link">Convidat</a></div><script src="/Scripts/bootstrap.bundle.min.js"></script><div id="myorder-global-loading" class="loadingModal-myorder-global d-none"></div><script src="/bundles/jquery?v=7kvy9oZfyuNToGxLn5lm6WVyXToBbTKB-5_bcsHunEE1"></script><script src="/bundles/jqueryval?v=jTPefzwFx0iM3EsWaYKTfsfd9Bl-EGtCr4NXRQtZFHM1"></script><script src="/bundles/jqueryui?v=hw6jcrpF2LibSX_LeceAnPEcB9rROmvBBgAybQbkxRw1"></script><script src="/bundles/jqueryredirect?v=n4ktfEvG-kgk60pE6Jjy93IVINxuv5y_hk3y_YgKh-I1"></script><script src="/Content/assets/js/ie10-viewport-bug-workaround.js"></script><script>var action="shopping";var controller="shop";var idioma="ca";var grup="";var windowReload="https://www.bonarea-online.com/Index?aspxerrorpath=/alimentacio/begudes";var urlArrel="/";var homeUrl="/ca/shop";var typeOfPurchaseIs="ALL";var isVisitant="True"=="False"?false:true;var boxHaEstatPossiblePrereserva="False"=="False"?false:true;var boxIdentifier="";const groupsShopping=[{"totalArticles":0,"idNivell":null,"descripcio":null,"children":[{"totalArticles":0,"idNivell":"13*300*010","descripcio":"Carns i ous","children":null,"description":null,"firstThirdChild":{"totalArticles":0,"idNivell":"13*300*010*010","descripcio":"Aus","children":null,"description":null,"firstThirdChild":null,"identifier":null,"level":null,"upperLevel":null,"url":null,"urlMobile":null,"icon":null,"imgOutstanding1":null,"imgOutstanding2":null},"identifier":null,"level":null,"upperLevel":null,"url":null,"urlMobile":null,"icon":null,"imgOutstanding1":null,"imgOutstanding2":null},{"totalArticles":0,"idNivell":"13*300*020","descripcio":"Embotits i xarcuteria","children":null,"description":null,"firstThirdChild":{"totalArticles":0,"idNivell":"13*300*020*010","descripcio":"Bacó i cansalada","children":null,"description":null,"firstThirdChild":null,"identifier":null,"level":null,"upperLevel":null,"url":null,"urlMobile":null,"icon":null,"imgOutstanding1":null,"imgOutstanding2":null},"identifier":null,"level":null,"upperLevel":null,"url":null,"urlMobile":null,"icon":null,"imgOutstanding1":null,"imgOutstanding2":null},{"totalArticles":0,"idNivell":"13*300*230","descripcio":"Cuinats","children":null,"description":null,"firstThirdChild":{"totalArticles":0,"idNivell":"13*300*230*030","descripcio":"Pizzes i truites","children":null,"description":null,"firstThirdChild":null,"identifier":null,"level":null,"upperLevel":null,"url":null,"urlMobile":null,"icon":null,"imgOutstanding1":null,"imgOutstanding2":null},"identifier":null,"level":null,"upperLevel":null,"url":null,"urlMobile":null,"icon":null,"imgOutstanding1":null,"imgOutstanding2":null},{"totalArticles":0,"idNivell":"13*300*180","descripcio":"Brous, cremes i purés","children":null,"description":null,"firstThirdChild":{"totalArticles":0,"idNivell":"13*300*180*010","descripcio":"Brous","children":null,"description":null,"firstThirdChild":null,"identifier":null,"level":null,"upperLevel":null,"url":null,"urlMobile":null,"icon":null,"imgOutstanding1":null,"imgOutstanding2":null},"identifier":null,"level":null,"upperLevel":null,"url":null,"urlMobile":null,"icon":null,"imgOutstanding1":null,"imgOutstanding2":null},{"totalArticles":0,"idNivell":"13*300*030","descripcio":"Cafè i infusions","children":null,"description":null,"firstThirdChild":{"totalArticles":0,"idNivell":"13*300*030*040","descripcio":"Càpsules de cafè","children":null,"description":null,"firstThirdChild":null,"identifier":null,"level":null,"upperLevel":null,"url":null,"urlMobile":null,"icon":null,"imgOutstanding1":null,"imgOutstanding2":null},"identifier":null,"level":null,"upperLevel":null,"url":null,"urlMobile":null,"icon":null,"imgOutstanding1":null,"imgOutstanding2":null},{"totalArticles":0,"idNivell":"13*300*190","descripcio":"Congelats","children":null,"description":null,"firstThirdChild":{"totalArticles":0,"idNivell":"13*300*190*030","descripcio":"Gelats i postres","children":null,"description":null,"firstThirdChild":null,"identifier":null,"level":null,"upperLevel":null,"url":null,"urlMobile":null,"icon":null,"imgOutstanding1":null,"imgOutstanding2":null},"identifier":null,"level":null,"upperLevel":null,"url":null,"urlMobile":null,"icon":null,"imgOutstanding1":null,"imgOutstanding2":null},{"totalArticles":0,"idNivell":"13*300*040","descripcio":"Conserves","children":null,"description":null,"firstThirdChild":{"totalArticles":0,"idNivell":"13*300*040*010","descripcio":"Bolets","children":null,"description":null,"firstThirdChild":null,"identifier":null,"level":null,"upperLevel":null,"url":null,"urlMobile":null,"icon":null,"imgOutstanding1":null,"imgOutstanding2":null},"identifier":null,"level":null,"upperLevel":null,"url":null,"urlMobile":null,"icon":null,"imgOutstanding1":null,"imgOutstanding2":null},{"totalArticles":0,"idNivell":"13*300*050","descripcio":"Formatges","children":null,"description":null,"firstThirdChild":{"totalArticles":0,"idNivell":"13*300*050*010","descripcio":"En porcions i sencers","children":null,"description":null,"firstThirdChild":null,"identifier":null,"level":null,"upperLevel":null,"url":null,"urlMobile":null,"icon":null,"imgOutstanding1":null,"imgOutstanding2":null},"identifier":null,"level":null,"upperLevel":null,"url":null,"urlMobile":null,"icon":null,"imgOutstanding1":null,"imgOutstanding2":null},{"totalArticles":0,"idNivell":"13*300*060","descripcio":"Fruita i verdura","children":null,"description":null,"firstThirdChild":{"totalArticles":0,"idNivell":"13*300*060*010","descripcio":"Fruita","children":null,"description":null,"firstThirdChild":null,"identifier":null,"level":null,"upperLevel":null,"url":null,"urlMobile":null,"icon":null,"imgOutstanding1":null,"imgOutstanding2":null},"identifier":null,"level":null,"upperLevel":null,"url":null,"urlMobile":null,"icon":null,"imgOutstanding1":null,"imgOutstanding2":null},{"totalArticles":0,"idNivell":"13*300*070","descripcio":"Fruita seca i patates xips","children":null,"description":null,"firstThirdChild":{"totalArticles":0,"idNivell":"13*300*070*010","descripcio":"Fruita seca","children":null,"description":null,"firstThirdChild":null,"identifier":null,"level":null,"upperLevel":null,"url":null,"urlMobile":null,"icon":null,"imgOutstanding1":null,"imgOutstanding2":null},"identifier":null,"level":null,"upperLevel":null,"url":null,"urlMobile":null,"icon":null,"imgOutstanding1":null,"imgOutstanding2":null},{"totalArticles":0,"idNivell":"13*300*090","descripcio":"Llaminadures i xiclets","children":null,"description":null,"firstThirdChild":{"totalArticles":0,"idNivell":"13*300*090*010","descripcio":"Caramels","children":null,"description":null,"firstThirdChild":null,"identifier":null,"level":null,"upperLevel":null,"url":null,"urlMobile":null,"icon":null,"imgOutstanding1":null,"imgOutstanding2":null},"identifier":null,"level":null,"upperLevel":null,"url":null,"urlMobile":null,"icon":null,"imgOutstanding1":null,"imgOutstanding2":null},{"totalArticles":0,"idNivell":"13*300*100","descripcio":"Llegums secs i arrossos","children":null,"description":null,"firstThirdChild":{"totalArticles":0,"idNivell":"13*300*100*010","descripcio":"Arròs","children":null,"description":null,"firstThirdChild":null,"identifier":null,"level":null,"upperLevel":null,"url":null,"urlMobile":null,"icon":null,"imgOutstanding1":null,"imgOutstanding2":null},"identifier":null,"level":null,"upperLevel":null,"url":null,"urlMobile":null,"icon":null,"imgOutstanding1":null,"imgOutstanding2":null},{"totalArticles":0,"idNivell":"13*300*080","descripcio":"Làctics i derivats","children":null,"description":null,"firstThirdChild":{"totalArticles":0,"idNivell":"13*300*080*010","descripcio":"Llet","children":null,"description":null,"firstThirdChild":null,"identifier":null,"level":null,"upperLevel":null,"url":null,"urlMobile":null,"icon":null,"imgOutstanding1":null,"imgOutstanding2":null},"identifier":null,"level":null,"upperLevel":null,"url":null,"urlMobile":null,"icon":null,"imgOutstanding1":null,"imgOutstanding2":null},{"totalArticles":0,"idNivell":"13*300*110","descripcio":"Oli i condiments","children":null,"description":null,"firstThirdChild":{"totalArticles":0,"idNivell":"13*300*110*020","descripcio":"Oli","children":null,"description":null,"firstThirdChild":null,"identifier":null,"level":null,"upperLevel":null,"url":null,"urlMobile":null,"icon":null,"imgOutstanding1":null,"imgOutstanding2":null},"identifier":null,"level":null,"upperLevel":null,"url":null,"urlMobile":null,"icon":null,"imgOutstanding1":null,"imgOutstanding2":null},{"totalArticles":0,"idNivell":"13*300*120","descripcio":"Pa","children":null,"description":null,"firstThirdChild":{"totalArticles":0,"idNivell":"13*300*120*030","descripcio":"Pa","children":null,"description":null,"firstThirdChild":null,"identifier":null,"level":null,"upperLevel":null,"url":null,"urlMobile":null,"icon":null,"imgOutstanding1":null,"imgOutstanding2":null},"identifier":null,"level":null,"upperLevel":null,"url":null,"urlMobile":null,"icon":null,"imgOutstanding1":null,"imgOutstanding2":null},{"totalArticles":0,"idNivell":"13*300*140","descripcio":"Pasta i farines","children":null,"description":null,"firstThirdChild":{"totalArticles":0,"idNivell":"13*300*140*020","descripcio":"Farina i sèmola","children":null,"description":null,"firstThirdChild":null,"identifier":null,"level":null,"upperLevel":null,"url":null,"urlMobile":null,"icon":null,"imgOutstanding1":null,"imgOutstanding2":null},"identifier":null,"level":null,"upperLevel":null,"url":null,"urlMobile":null,"icon":null,"imgOutstanding1":null,"imgOutstanding2":null},{"totalArticles":0,"idNivell":"13*300*130","descripcio":"Pastisseria, galetes i cereals","children":null,"description":null,"firstThirdChild":{"totalArticles":0,"idNivell":"13*300*130*010","descripcio":"Brioixeria","children":null,"description":null,"firstThirdChild":null,"identifier":null,"level":null,"upperLevel":null,"url":null,"urlMobile":null,"icon":null,"imgOutstanding1":null,"imgOutstanding2":null},"identifier":null,"level":null,"upperLevel":null,"url":null,"urlMobile":null,"icon":null,"imgOutstanding1":null,"imgOutstanding2":null},{"totalArticles":0,"idNivell":"13*300*210","descripcio":"Rebosteria","children":null,"description":null,"firstThirdChild":null,"identifier":null,"level":null,"upperLevel":null,"url":null,"urlMobile":null,"icon":null,"imgOutstanding1":null,"imgOutstanding2":null},{"totalArticles":0,"idNivell":"13*300*150","descripcio":"Salses","children":null,"description":null,"firstThirdChild":{"totalArticles":0,"idNivell":"13*300*150*040","descripcio":"Salsa fresca","children":null,"description":null,"firstThirdChild":null,"identifier":null,"level":null,"upperLevel":null,"url":null,"urlMobile":null,"icon":null,"imgOutstanding1":null,"imgOutstanding2":null},"identifier":null,"level":null,"upperLevel":null,"url":null,"urlMobile":null,"icon":null,"imgOutstanding1":null,"imgOutstanding2":null},{"totalArticles":0,"idNivell":"13*300*160","descripcio":"Sector nadó i infantil","children":null,"description":null,"firstThirdChild":{"totalArticles":0,"idNivell":"13*300*160*010","descripcio":"Farinetes","children":null,"description":null,"firstThirdChild":null,"identifier":null,"level":null,"upperLevel":null,"url":null,"urlMobile":null,"icon":null,"imgOutstanding1":null,"imgOutstanding2":null},"identifier":null,"level":null,"upperLevel":null,"url":null,"urlMobile":null,"icon":null,"imgOutstanding1":null,"imgOutstanding2":null},{"totalArticles":0,"idNivell":"13*300*200","descripcio":"Veggie","children":null,"description":null,"firstThirdChild":null,"identifier":null,"level":null,"upperLevel":null,"url":null,"urlMobile":null,"icon":null,"imgOutstanding1":null,"imgOutstanding2":null},{"totalArticles":0,"idNivell":"13*300*170","descripcio":"Xocolata i cacau","children":null,"description":null,"firstThirdChild":{"totalArticles":0,"idNivell":"13*300*170*040","descripcio":"Tauletes de xocolata","children":null,"description":null,"firstThirdChild":null,"identifier":null,"level":null,"upperLevel":null,"url":null,"urlMobile":null,"icon":null,"imgOutstanding1":null,"imgOutstanding2":null},"identifier":null,"level":null,"upperLevel":null,"url":null,"urlMobile":null,"icon":null,"imgOutstanding1":null,"imgOutstanding2":null}],"description":"Alimentació","firstThirdChild":null,"identifier":"13*300","level":null,"upperLevel":null,"url":"~/categories/alimentacio/13_300","urlMobile":"~/categories/alimentacio/13_300","icon":"icon-food","imgOutstanding1":null,"imgOutstanding2":null},{"totalArticles":0,"idNivell":null,"descripcio":null,"children":[{"totalArticles":0,"idNivell":"13*310*030","descripcio":"Pizzes i truites","children":null,"description":null,"firstThirdChild":{"totalArticles":0,"idNivell":"13*310*030*010","descripcio":"Pizzes","children":null,"description":null,"firstThirdChild":null,"identifier":null,"level":null,"upperLevel":null,"url":null,"urlMobile":null,"icon":null,"imgOutstanding1":null,"imgOutstanding2":null},"identifier":null,"level":null,"upperLevel":null,"url":null,"urlMobile":null,"icon":null,"imgOutstanding1":null,"imgOutstanding2":null},{"totalArticles":0,"idNivell":"13*310*050","descripcio":"Plats internacionals","children":null,"description":null,"firstThirdChild":null,"identifier":null,"level":null,"upperLevel":null,"url":null,"urlMobile":null,"icon":null,"imgOutstanding1":null,"imgOutstanding2":null},{"totalArticles":0,"idNivell":"13*310*040","descripcio":"Plats únics i complements","children":null,"description":null,"firstThirdChild":null,"identifier":null,"level":null,"upperLevel":null,"url":null,"urlMobile":null,"icon":null,"imgOutstanding1":null,"imgOutstanding2":null},{"totalArticles":0,"idNivell":"13*310*020","descripcio":"Primers plats","children":null,"description":null,"firstThirdChild":{"totalArticles":0,"idNivell":"13*310*020*010","descripcio":"Pastes i arrossos","children":null,"description":null,"firstThirdChild":null,"identifier":null,"level":null,"upperLevel":null,"url":null,"urlMobile":null,"icon":null,"imgOutstanding1":null,"imgOutstanding2":null},"identifier":null,"level":null,"upperLevel":null,"url":null,"urlMobile":null,"icon":null,"imgOutstanding1":null,"imgOutstanding2":null},{"totalArticles":0,"idNivell":"13*310*010","descripcio":"Segons plats","children":null,"description":null,"firstThirdChild":{"totalArticles":0,"idNivell":"13*310*010*020","descripcio":"Carns","children":null,"description":null,"firstThirdChild":null,"identifier":null,"level":null,"upperLevel":null,"url":null,"urlMobile":null,"icon":null,"imgOutstanding1":null,"imgOutstanding2":null},"identifier":null,"level":null,"upperLevel":null,"url":null,"urlMobile":null,"icon":null,"imgOutstanding1":null,"imgOutstanding2":null}],"description":"Cuinats","firstThirdChild":null,"identifier":"13*310","level":null,"upperLevel":null,"url":"~/categories/cuinats/13_310","urlMobile":"~/categories/cuinats/13_310","icon":"icon-cooked","imgOutstanding1":null,"imgOutstanding2":null},{"totalArticles":0,"idNivell":null,"descripcio":null,"children":[{"totalArticles":0,"idNivell":"13*320*010","descripcio":"Aigua","children":null,"description":null,"firstThirdChild":{"totalArticles":0,"idNivell":"13*320*010*010","descripcio":"Aigua","children":null,"description":null,"firstThirdChild":null,"identifier":null,"level":null,"upperLevel":null,"url":null,"urlMobile":null,"icon":null,"imgOutstanding1":null,"imgOutstanding2":null},"identifier":null,"level":null,"upperLevel":null,"url":null,"urlMobile":null,"icon":null,"imgOutstanding1":null,"imgOutstanding2":null},{"totalArticles":0,"idNivell":"13*320*020","descripcio":"Alcohòliques d\u0027alta graduació","children":null,"description":null,"firstThirdChild":{"totalArticles":0,"idNivell":"13*320*020*010","descripcio":"Anís i patxaran","children":null,"description":null,"firstThirdChild":null,"identifier":null,"level":null,"upperLevel":null,"url":null,"urlMobile":null,"icon":null,"imgOutstanding1":null,"imgOutstanding2":null},"identifier":null,"level":null,"upperLevel":null,"url":null,"urlMobile":null,"icon":null,"imgOutstanding1":null,"imgOutstanding2":null},{"totalArticles":0,"idNivell":"13*320*030","descripcio":"Begudes refrescants","children":null,"description":null,"firstThirdChild":{"totalArticles":0,"idNivell":"13*320*030*020","descripcio":"Cola","children":null,"description":null,"firstThirdChild":null,"identifier":null,"level":null,"upperLevel":null,"url":null,"urlMobile":null,"icon":null,"imgOutstanding1":null,"imgOutstanding2":null},"identifier":null,"level":null,"upperLevel":null,"url":null,"urlMobile":null,"icon":null,"imgOutstanding1":null,"imgOutstanding2":null},{"totalArticles":0,"idNivell":"13*320*040","descripcio":"Cava i vins escumosos","children":null,"description":null,"firstThirdChild":{"totalArticles":0,"idNivell":"13*320*040*010","descripcio":"Cava","children":null,"description":null,"firstThirdChild":null,"identifier":null,"level":null,"upperLevel":null,"url":null,"urlMobile":null,"icon":null,"imgOutstanding1":null,"imgOutstanding2":null},"identifier":null,"level":null,"upperLevel":null,"url":null,"urlMobile":null,"icon":null,"imgOutstanding1":null,"imgOutstanding2":null},{"totalArticles":0,"idNivell":"13*320*050","descripcio":"Cervesa","children":null,"description":null,"firstThirdChild":{"totalArticles":0,"idNivell":"13*320*050*001","descripcio":"Totes les cerveses","children":null,"description":null,"firstThirdChild":null,"identifier":null,"level":null,"upperLevel":null,"url":null,"urlMobile":null,"icon":null,"imgOutstanding1":null,"imgOutstanding2":null},"identifier":null,"level":null,"upperLevel":null,"url":null,"urlMobile":null,"icon":null,"imgOutstanding1":null,"imgOutstanding2":null},{"totalArticles":0,"idNivell":"13*320*060","descripcio":"Sangria","children":null,"description":null,"firstThirdChild":{"totalArticles":0,"idNivell":"13*320*060*010","descripcio":"Amb alcohol","children":null,"description":null,"firstThirdChild":null,"identifier":null,"level":null,"upperLevel":null,"url":null,"urlMobile":null,"icon":null,"imgOutstanding1":null,"imgOutstanding2":null},"identifier":null,"level":null,"upperLevel":null,"url":null,"urlMobile":null,"icon":null,"imgOutstanding1":null,"imgOutstanding2":null},{"totalArticles":0,"idNivell":"13*320*070","descripcio":"Sucs i nèctars","children":null,"description":null,"firstThirdChild":{"totalArticles":0,"idNivell":"13*320*070*010","descripcio":"Nèctars","children":null,"description":null,"firstThirdChild":null,"identifier":null,"level":null,"upperLevel":null,"url":null,"urlMobile":null,"icon":null,"imgOutstanding1":null,"imgOutstanding2":null},"identifier":null,"level":null,"upperLevel":null,"url":null,"urlMobile":null,"icon":null,"imgOutstanding1":null,"imgOutstanding2":null},{"totalArticles":0,"idNivell":"13*320*080","descripcio":"Vermuts","children":null,"description":null,"firstThirdChild":null,"identifier":null,"level":null,"upperLevel":null,"url":null,"urlMobile":null,"icon":null,"imgOutstanding1":null,"imgOutstanding2":null},{"totalArticles":0,"idNivell":"13*320*120","descripcio":"Vi aromatitzat","children":null,"description":null,"firstThirdChild":null,"identifier":null,"level":null,"upperLevel":null,"url":null,"urlMobile":null,"icon":null,"imgOutstanding1":null,"imgOutstanding2":null},{"totalArticles":0,"idNivell":"13*320*090","descripcio":"Vi blanc","children":null,"description":null,"firstThirdChild":{"totalArticles":0,"idNivell":"13*320*090*001","descripcio":"Tots els vins blancs","children":null,"description":null,"firstThirdChild":null,"identifier":null,"level":null,"upperLevel":null,"url":null,"urlMobile":null,"icon":null,"imgOutstanding1":null,"imgOutstanding2":null},"identifier":null,"level":null,"upperLevel":null,"url":null,"urlMobile":null,"icon":null,"imgOutstanding1":null,"imgOutstanding2":null},{"totalArticles":0,"idNivell":"13*320*100","descripcio":"Vi negre","children":null,"description":null,"firstThirdChild":{"totalArticles":0,"idNivell":"13*320*100*001","descripcio":"Tots els vins negres","children":null,"description":null,"firstThirdChild":null,"identifier":null,"level":null,"upperLevel":null,"url":null,"urlMobile":null,"icon":null,"imgOutstanding1":null,"imgOutstanding2":null},"identifier":null,"level":null,"upperLevel":null,"url":null,"urlMobile":null,"icon":null,"imgOutstanding1":null,"imgOutstanding2":null},{"totalArticles":0,"idNivell":"13*320*110","descripcio":"Vi rosat","children":null,"description":null,"firstThirdChild":{"totalArticles":0,"idNivell":"13*320*110*001","descripcio":"Tots el vins rosats","children":null,"description":null,"firstThirdChild":null,"identifier":null,"level":null,"upperLevel":null,"url":null,"urlMobile":null,"icon":null,"imgOutstanding1":null,"imgOutstanding2":null},"identifier":null,"level":null,"upperLevel":null,"url":null,"urlMobile":null,"icon":null,"imgOutstanding1":null,"imgOutstanding2":null}],"description":"Begudes","firstThirdChild":null,"identifier":"13*320","level":null,"upperLevel":null,"url":"~/categories/begudes/13_320","urlMobile":"~/categories/begudes/13_320","icon":"icon-drinks","imgOutstanding1":null,"imgOutstanding2":null},{"totalArticles":0,"idNivell":null,"descripcio":null,"children":[{"totalArticles":0,"idNivell":"13*330*010","descripcio":"Ambientadors i deshumidificadors","children":null,"description":null,"firstThirdChild":{"totalArticles":0,"idNivell":"13*330*010*010","descripcio":"Cotxe","children":null,"description":null,"firstThirdChild":null,"identifier":null,"level":null,"upperLevel":null,"url":null,"urlMobile":null,"icon":null,"imgOutstanding1":null,"imgOutstanding2":null},"identifier":null,"level":null,"upperLevel":null,"url":null,"urlMobile":null,"icon":null,"imgOutstanding1":null,"imgOutstanding2":null},{"totalArticles":0,"idNivell":"13*330*020","descripcio":"Cel·luloses per la llar","children":null,"description":null,"firstThirdChild":{"totalArticles":0,"idNivell":"13*330*020*010","descripcio":"Cuina","children":null,"description":null,"firstThirdChild":null,"identifier":null,"level":null,"upperLevel":null,"url":null,"urlMobile":null,"icon":null,"imgOutstanding1":null,"imgOutstanding2":null},"identifier":null,"level":null,"upperLevel":null,"url":null,"urlMobile":null,"icon":null,"imgOutstanding1":null,"imgOutstanding2":null},{"totalArticles":0,"idNivell":"13*330*030","descripcio":"Detergents i altres per a la roba","children":null,"description":null,"firstThirdChild":{"totalArticles":0,"idNivell":"13*330*030*010","descripcio":"Detergents roba a mà","children":null,"description":null,"firstThirdChild":null,"identifier":null,"level":null,"upperLevel":null,"url":null,"urlMobile":null,"icon":null,"imgOutstanding1":null,"imgOutstanding2":null},"identifier":null,"level":null,"upperLevel":null,"url":null,"urlMobile":null,"icon":null,"imgOutstanding1":null,"imgOutstanding2":null},{"totalArticles":0,"idNivell":"13*330*040","descripcio":"Espelmes","children":null,"description":null,"firstThirdChild":{"totalArticles":0,"idNivell":"13*330*040*020","descripcio":"Antimosquits / exteriors","children":null,"description":null,"firstThirdChild":null,"identifier":null,"level":null,"upperLevel":null,"url":null,"urlMobile":null,"icon":null,"imgOutstanding1":null,"imgOutstanding2":null},"identifier":null,"level":null,"upperLevel":null,"url":null,"urlMobile":null,"icon":null,"imgOutstanding1":null,"imgOutstanding2":null},{"totalArticles":0,"idNivell":"13*330*060","descripcio":"Estris de neteja","children":null,"description":null,"firstThirdChild":{"totalArticles":0,"idNivell":"13*330*060*010","descripcio":"Baietes","children":null,"description":null,"firstThirdChild":null,"identifier":null,"level":null,"upperLevel":null,"url":null,"urlMobile":null,"icon":null,"imgOutstanding1":null,"imgOutstanding2":null},"identifier":null,"level":null,"upperLevel":null,"url":null,"urlMobile":null,"icon":null,"imgOutstanding1":null,"imgOutstanding2":null},{"totalArticles":0,"idNivell":"13*330*070","descripcio":"Insecticides per la llar","children":null,"description":null,"firstThirdChild":{"totalArticles":0,"idNivell":"13*330*070*010","descripcio":"Insecticides elèctrics","children":null,"description":null,"firstThirdChild":null,"identifier":null,"level":null,"upperLevel":null,"url":null,"urlMobile":null,"icon":null,"imgOutstanding1":null,"imgOutstanding2":null},"identifier":null,"level":null,"upperLevel":null,"url":null,"urlMobile":null,"icon":null,"imgOutstanding1":null,"imgOutstanding2":null},{"totalArticles":0,"idNivell":"13*330*080","descripcio":"Lleixius i desinfectants","children":null,"description":null,"firstThirdChild":null,"identifier":null,"level":null,"upperLevel":null,"url":null,"urlMobile":null,"icon":null,"imgOutstanding1":null,"imgOutstanding2":null},{"totalArticles":0,"idNivell":"13*330*090","descripcio":"Netejadors de la llar","children":null,"description":null,"firstThirdChild":{"totalArticles":0,"idNivell":"13*330*090*010","descripcio":"Anticalç i multiús","children":null,"description":null,"firstThirdChild":null,"identifier":null,"level":null,"upperLevel":null,"url":null,"urlMobile":null,"icon":null,"imgOutstanding1":null,"imgOutstanding2":null},"identifier":null,"level":null,"upperLevel":null,"url":null,"urlMobile":null,"icon":null,"imgOutstanding1":null,"imgOutstanding2":null},{"totalArticles":0,"idNivell":"13*330*050","descripcio":"Productes d\u0027un sol ús","children":null,"description":null,"firstThirdChild":{"totalArticles":0,"idNivell":"13*330*050*010","descripcio":"Alumini i film transparent","children":null,"description":null,"firstThirdChild":null,"identifier":null,"level":null,"upperLevel":null,"url":null,"urlMobile":null,"icon":null,"imgOutstanding1":null,"imgOutstanding2":null},"identifier":null,"level":null,"upperLevel":null,"url":null,"urlMobile":null,"icon":null,"imgOutstanding1":null,"imgOutstanding2":null},{"totalArticles":0,"idNivell":"13*330*100","descripcio":"Productes pel calçat","children":null,"description":null,"firstThirdChild":{"totalArticles":0,"idNivell":"13*330*100*010","descripcio":"Cremes","children":null,"description":null,"firstThirdChild":null,"identifier":null,"level":null,"upperLevel":null,"url":null,"urlMobile":null,"icon":null,"imgOutstanding1":null,"imgOutstanding2":null},"identifier":null,"level":null,"upperLevel":null,"url":null,"urlMobile":null,"icon":null,"imgOutstanding1":null,"imgOutstanding2":null},{"totalArticles":0,"idNivell":"13*330*110","descripcio":"Rentaplats","children":null,"description":null,"firstThirdChild":{"totalArticles":0,"idNivell":"13*330*110*010","descripcio":"Manual","children":null,"description":null,"firstThirdChild":null,"identifier":null,"level":null,"upperLevel":null,"url":null,"urlMobile":null,"icon":null,"imgOutstanding1":null,"imgOutstanding2":null},"identifier":null,"level":null,"upperLevel":null,"url":null,"urlMobile":null,"icon":null,"imgOutstanding1":null,"imgOutstanding2":null},{"totalArticles":0,"idNivell":"13*330*120","descripcio":"Sal descalcificadors","children":null,"description":null,"firstThirdChild":null,"identifier":null,"level":null,"upperLevel":null,"url":null,"urlMobile":null,"icon":null,"imgOutstanding1":null,"imgOutstanding2":null}],"description":"Drogueria","firstThirdChild":null,"identifier":"13*330","level":null,"upperLevel":null,"url":"~/categories/drogueria/13_330","urlMobile":"~/categories/drogueria/13_330","icon":"icon-drugstore","imgOutstanding1":null,"imgOutstanding2":null},{"totalArticles":0,"idNivell":null,"descripcio":null,"children":[{"totalArticles":0,"idNivell":"13*340*010","descripcio":"Higiene i cosmètica","children":null,"description":null,"firstThirdChild":{"totalArticles":0,"idNivell":"13*340*010*010","descripcio":"Accessoris i útils d\u0027higiene","children":null,"description":null,"firstThirdChild":null,"identifier":null,"level":null,"upperLevel":null,"url":null,"urlMobile":null,"icon":null,"imgOutstanding1":null,"imgOutstanding2":null},"identifier":null,"level":null,"upperLevel":null,"url":null,"urlMobile":null,"icon":null,"imgOutstanding1":null,"imgOutstanding2":null},{"totalArticles":0,"idNivell":"13*340*020","descripcio":"Parafarmàcia","children":null,"description":null,"firstThirdChild":{"totalArticles":0,"idNivell":"13*340*020*010","descripcio":"Alcohol, aigua oxigenada i altres","children":null,"description":null,"firstThirdChild":null,"identifier":null,"level":null,"upperLevel":null,"url":null,"urlMobile":null,"icon":null,"imgOutstanding1":null,"imgOutstanding2":null},"identifier":null,"level":null,"upperLevel":null,"url":null,"urlMobile":null,"icon":null,"imgOutstanding1":null,"imgOutstanding2":null}],"description":"Higiene i cosmètica","firstThirdChild":null,"identifier":"13*340","level":null,"upperLevel":null,"url":"~/categories/higiene-i-cosmetica/13_340","urlMobile":"~/categories/higiene-i-cosmetica/13_340","icon":"icon-cosmetic","imgOutstanding1":null,"imgOutstanding2":null},{"totalArticles":0,"idNivell":null,"descripcio":null,"children":[{"totalArticles":0,"idNivell":"13*350*010","descripcio":"Familiar","children":null,"description":null,"firstThirdChild":null,"identifier":null,"level":null,"upperLevel":null,"url":null,"urlMobile":null,"icon":null,"imgOutstanding1":null,"imgOutstanding2":null},{"totalArticles":0,"idNivell":"13*350*020","descripcio":"Femenina","children":null,"description":null,"firstThirdChild":{"totalArticles":0,"idNivell":"13*350*020*020","descripcio":"Gamma alta-luxe","children":null,"description":null,"firstThirdChild":null,"identifier":null,"level":null,"upperLevel":null,"url":null,"urlMobile":null,"icon":null,"imgOutstanding1":null,"imgOutstanding2":null},"identifier":null,"level":null,"upperLevel":null,"url":null,"urlMobile":null,"icon":null,"imgOutstanding1":null,"imgOutstanding2":null},{"totalArticles":0,"idNivell":"13*350*030","descripcio":"Masculina","children":null,"description":null,"firstThirdChild":{"totalArticles":0,"idNivell":"13*350*030*020","descripcio":"Gamma alta-luxe","children":null,"description":null,"firstThirdChild":null,"identifier":null,"level":null,"upperLevel":null,"url":null,"urlMobile":null,"icon":null,"imgOutstanding1":null,"imgOutstanding2":null},"identifier":null,"level":null,"upperLevel":null,"url":null,"urlMobile":null,"icon":null,"imgOutstanding1":null,"imgOutstanding2":null},{"totalArticles":0,"idNivell":"13*350*040","descripcio":"Unisex i infantil","children":null,"description":null,"firstThirdChild":{"totalArticles":0,"idNivell":"13*350*040*010","descripcio":"Infantil","children":null,"description":null,"firstThirdChild":null,"identifier":null,"level":null,"upperLevel":null,"url":null,"urlMobile":null,"icon":null,"imgOutstanding1":null,"imgOutstanding2":null},"identifier":null,"level":null,"upperLevel":null,"url":null,"urlMobile":null,"icon":null,"imgOutstanding1":null,"imgOutstanding2":null}],"description":"Perfumeria","firstThirdChild":null,"identifier":"13*350","level":null,"upperLevel":null,"url":"~/categories/perfumeria/13_350","urlMobile":"~/categories/perfumeria/13_350","icon":"icon-perfume","imgOutstanding1":null,"imgOutstanding2":null},{"totalArticles":0,"idNivell":null,"descripcio":null,"children":[{"totalArticles":0,"idNivell":"13*030*010","descripcio":"Alimentació mascotes","children":null,"description":null,"firstThirdChild":{"totalArticles":0,"idNivell":"13*030*010*010","descripcio":"Gats","children":null,"description":null,"firstThirdChild":null,"identifier":null,"level":null,"upperLevel":null,"url":null,"urlMobile":null,"icon":null,"imgOutstanding1":null,"imgOutstanding2":null},"identifier":null,"level":null,"upperLevel":null,"url":null,"urlMobile":null,"icon":null,"imgOutstanding1":null,"imgOutstanding2":null},{"totalArticles":0,"idNivell":"13*030*020","descripcio":"Complements i accessoris","children":null,"description":null,"firstThirdChild":{"totalArticles":0,"idNivell":"13*030*020*010","descripcio":"Antiparasitaris","children":null,"description":null,"firstThirdChild":null,"identifier":null,"level":null,"upperLevel":null,"url":null,"urlMobile":null,"icon":null,"imgOutstanding1":null,"imgOutstanding2":null},"identifier":null,"level":null,"upperLevel":null,"url":null,"urlMobile":null,"icon":null,"imgOutstanding1":null,"imgOutstanding2":null}],"description":"Mascotes","firstThirdChild":null,"identifier":"13*030","level":null,"upperLevel":null,"url":"~/categories/mascotes/13_030","urlMobile":"~/categories/mascotes/13_030","icon":"icon-pets","imgOutstanding1":null,"imgOutstanding2":null},{"totalArticles":0,"idNivell":null,"descripcio":null,"children":[{"totalArticles":0,"idNivell":"13*360*030","descripcio":"Articles de festa i aniversari","children":null,"description":null,"firstThirdChild":{"totalArticles":0,"idNivell":"13*360*030*010","descripcio":"Accessoris de festa","children":null,"description":null,"firstThirdChild":null,"identifier":null,"level":null,"upperLevel":null,"url":null,"urlMobile":null,"icon":null,"imgOutstanding1":null,"imgOutstanding2":null},"identifier":null,"level":null,"upperLevel":null,"url":null,"urlMobile":null,"icon":null,"imgOutstanding1":null,"imgOutstanding2":null},{"totalArticles":0,"idNivell":"13*360*040","descripcio":"Decoració de Nadal","children":null,"description":null,"firstThirdChild":null,"identifier":null,"level":null,"upperLevel":null,"url":null,"urlMobile":null,"icon":null,"imgOutstanding1":null,"imgOutstanding2":null},{"totalArticles":0,"idNivell":"13*360*010","descripcio":"Jardineria, càmping i piscines","children":null,"description":null,"firstThirdChild":{"totalArticles":0,"idNivell":"13*360*010*050","descripcio":"Complements","children":null,"description":null,"firstThirdChild":null,"identifier":null,"level":null,"upperLevel":null,"url":null,"urlMobile":null,"icon":null,"imgOutstanding1":null,"imgOutstanding2":null},"identifier":null,"level":null,"upperLevel":null,"url":null,"urlMobile":null,"icon":null,"imgOutstanding1":null,"imgOutstanding2":null},{"totalArticles":0,"idNivell":"13*360*020","descripcio":"Llar i parament","children":null,"description":null,"firstThirdChild":{"totalArticles":0,"idNivell":"13*360*020*100","descripcio":"Accessoris bany","children":null,"description":null,"firstThirdChild":null,"identifier":null,"level":null,"upperLevel":null,"url":null,"urlMobile":null,"icon":null,"imgOutstanding1":null,"imgOutstanding2":null},"identifier":null,"level":null,"upperLevel":null,"url":null,"urlMobile":null,"icon":null,"imgOutstanding1":null,"imgOutstanding2":null}],"description":"Llar i jardí","firstThirdChild":null,"identifier":"13*360","level":null,"upperLevel":null,"url":"~/categories/llar-i-jardi/13_360","urlMobile":"~/categories/llar-i-jardi/13_360","icon":"icon-home-garden","imgOutstanding1":null,"imgOutstanding2":null},{"totalArticles":0,"idNivell":null,"descripcio":null,"children":[{"totalArticles":0,"idNivell":"13*370*040","descripcio":"Calefacció, ventilació i extracció","children":null,"description":null,"firstThirdChild":{"totalArticles":0,"idNivell":"13*370*040*010","descripcio":"Aire condicionat i ventiladors","children":null,"description":null,"firstThirdChild":null,"identifier":null,"level":null,"upperLevel":null,"url":null,"urlMobile":null,"icon":null,"imgOutstanding1":null,"imgOutstanding2":null},"identifier":null,"level":null,"upperLevel":null,"url":null,"urlMobile":null,"icon":null,"imgOutstanding1":null,"imgOutstanding2":null},{"totalArticles":0,"idNivell":"13*370*050","descripcio":"Cuina i cafeteria","children":null,"description":null,"firstThirdChild":{"totalArticles":0,"idNivell":"13*370*050*070","descripcio":"Altres","children":null,"description":null,"firstThirdChild":null,"identifier":null,"level":null,"upperLevel":null,"url":null,"urlMobile":null,"icon":null,"imgOutstanding1":null,"imgOutstanding2":null},"identifier":null,"level":null,"upperLevel":null,"url":null,"urlMobile":null,"icon":null,"imgOutstanding1":null,"imgOutstanding2":null},{"totalArticles":0,"idNivell":"13*370*020","descripcio":"Electrònica","children":null,"description":null,"firstThirdChild":{"totalArticles":0,"idNivell":"13*370*020*010","descripcio":"Càmeres de videovigilància i GPS","children":null,"description":null,"firstThirdChild":null,"identifier":null,"level":null,"upperLevel":null,"url":null,"urlMobile":null,"icon":null,"imgOutstanding1":null,"imgOutstanding2":null},"identifier":null,"level":null,"upperLevel":null,"url":null,"urlMobile":null,"icon":null,"imgOutstanding1":null,"imgOutstanding2":null},{"totalArticles":0,"idNivell":"13*370*070","descripcio":"Higiene personal, bellesa i salut","children":null,"description":null,"firstThirdChild":{"totalArticles":0,"idNivell":"13*370*070*040","descripcio":"Assecadors i modeladors de cabell","children":null,"description":null,"firstThirdChild":null,"identifier":null,"level":null,"upperLevel":null,"url":null,"urlMobile":null,"icon":null,"imgOutstanding1":null,"imgOutstanding2":null},"identifier":null,"level":null,"upperLevel":null,"url":null,"urlMobile":null,"icon":null,"imgOutstanding1":null,"imgOutstanding2":null},{"totalArticles":0,"idNivell":"13*370*080","descripcio":"Neteja de la llar","children":null,"description":null,"firstThirdChild":{"totalArticles":0,"idNivell":"13*370*080*010","descripcio":"Aspiradors i robots","children":null,"description":null,"firstThirdChild":null,"identifier":null,"level":null,"upperLevel":null,"url":null,"urlMobile":null,"icon":null,"imgOutstanding1":null,"imgOutstanding2":null},"identifier":null,"level":null,"upperLevel":null,"url":null,"urlMobile":null,"icon":null,"imgOutstanding1":null,"imgOutstanding2":null},{"totalArticles":0,"idNivell":"13*370*090","descripcio":"Petit electrodomèstic","children":null,"description":null,"firstThirdChild":null,"identifier":null,"level":null,"upperLevel":null,"url":null,"urlMobile":null,"icon":null,"imgOutstanding1":null,"imgOutstanding2":null},{"totalArticles":0,"idNivell":"13*370*100","descripcio":"Televisors","children":null,"description":null,"firstThirdChild":{"totalArticles":0,"idNivell":"13*370*100*020","descripcio":"Accessoris","children":null,"description":null,"firstThirdChild":null,"identifier":null,"level":null,"upperLevel":null,"url":null,"urlMobile":null,"icon":null,"imgOutstanding1":null,"imgOutstanding2":null},"identifier":null,"level":null,"upperLevel":null,"url":null,"urlMobile":null,"icon":null,"imgOutstanding1":null,"imgOutstanding2":null}],"description":"Electrodomèstics","firstThirdChild":null,"identifier":"13*370","level":null,"upperLevel":null,"url":"~/categories/electrodomestics/13_370","urlMobile":"~/categories/electrodomestics/13_370","icon":"icon-home-appliances","imgOutstanding1":null,"imgOutstanding2":null},{"totalArticles":0,"idNivell":null,"descripcio":null,"children":[{"totalArticles":0,"idNivell":"13*380*140","descripcio":"Maletes","children":null,"description":null,"firstThirdChild":null,"identifier":null,"level":null,"upperLevel":null,"url":null,"urlMobile":null,"icon":null,"imgOutstanding1":null,"imgOutstanding2":null},{"totalArticles":0,"idNivell":"13*380*130","descripcio":"Moda Calçat","children":null,"description":null,"firstThirdChild":{"totalArticles":0,"idNivell":"13*380*130*020","descripcio":"Home","children":null,"description":null,"firstThirdChild":null,"identifier":null,"level":null,"upperLevel":null,"url":null,"urlMobile":null,"icon":null,"imgOutstanding1":null,"imgOutstanding2":null},"identifier":null,"level":null,"upperLevel":null,"url":null,"urlMobile":null,"icon":null,"imgOutstanding1":null,"imgOutstanding2":null},{"totalArticles":0,"idNivell":"13*380*010","descripcio":"Moda Dona","children":null,"description":null,"firstThirdChild":{"totalArticles":0,"idNivell":"13*380*010*030","descripcio":"Leggins","children":null,"description":null,"firstThirdChild":null,"identifier":null,"level":null,"upperLevel":null,"url":null,"urlMobile":null,"icon":null,"imgOutstanding1":null,"imgOutstanding2":null},"identifier":null,"level":null,"upperLevel":null,"url":null,"urlMobile":null,"icon":null,"imgOutstanding1":null,"imgOutstanding2":null},{"totalArticles":0,"idNivell":"13*380*050","descripcio":"Pijames","children":null,"description":null,"firstThirdChild":{"totalArticles":0,"idNivell":"13*380*050*010","descripcio":"Dona","children":null,"description":null,"firstThirdChild":null,"identifier":null,"level":null,"upperLevel":null,"url":null,"urlMobile":null,"icon":null,"imgOutstanding1":null,"imgOutstanding2":null},"identifier":null,"level":null,"upperLevel":null,"url":null,"urlMobile":null,"icon":null,"imgOutstanding1":null,"imgOutstanding2":null},{"totalArticles":0,"idNivell":"13*380*060","descripcio":"Roba d\u0027esport","children":null,"description":null,"firstThirdChild":{"totalArticles":0,"idNivell":"13*380*060*020","descripcio":"Home","children":null,"description":null,"firstThirdChild":null,"identifier":null,"level":null,"upperLevel":null,"url":null,"urlMobile":null,"icon":null,"imgOutstanding1":null,"imgOutstanding2":null},"identifier":null,"level":null,"upperLevel":null,"url":null,"urlMobile":null,"icon":null,"imgOutstanding1":null,"imgOutstanding2":null},{"totalArticles":0,"idNivell":"13*380*080","descripcio":"Roba i calçat laboral","children":null,"description":null,"firstThirdChild":{"totalArticles":0,"idNivell":"13*380*080*020","descripcio":"Calçat laboral","children":null,"description":null,"firstThirdChild":null,"identifier":null,"level":null,"upperLevel":null,"url":null,"urlMobile":null,"icon":null,"imgOutstanding1":null,"imgOutstanding2":null},"identifier":null,"level":null,"upperLevel":null,"url":null,"urlMobile":null,"icon":null,"imgOutstanding1":null,"imgOutstanding2":null},{"totalArticles":0,"idNivell":"13*380*070","descripcio":"Roba interior","children":null,"description":null,"firstThirdChild":{"totalArticles":0,"idNivell":"13*380*070*010","descripcio":"Dona","children":null,"description":null,"firstThirdChild":null,"identifier":null,"level":null,"upperLevel":null,"url":null,"urlMobile":null,"icon":null,"imgOutstanding1":null,"imgOutstanding2":null},"identifier":null,"level":null,"upperLevel":null,"url":null,"urlMobile":null,"icon":null,"imgOutstanding1":null,"imgOutstanding2":null},{"totalArticles":0,"idNivell":"13*380*120","descripcio":"Tovalloles i bany","children":null,"description":null,"firstThirdChild":{"totalArticles":0,"idNivell":"13*380*120*020","descripcio":"Barnús","children":null,"description":null,"firstThirdChild":null,"identifier":null,"level":null,"upperLevel":null,"url":null,"urlMobile":null,"icon":null,"imgOutstanding1":null,"imgOutstanding2":null},"identifier":null,"level":null,"upperLevel":null,"url":null,"urlMobile":null,"icon":null,"imgOutstanding1":null,"imgOutstanding2":null},{"totalArticles":0,"idNivell":"13*380*100","descripcio":"Tèxtil Cuina i menjador","children":null,"description":null,"firstThirdChild":{"totalArticles":0,"idNivell":"13*380*100*030","descripcio":"Draps de cuina","children":null,"description":null,"firstThirdChild":null,"identifier":null,"level":null,"upperLevel":null,"url":null,"urlMobile":null,"icon":null,"imgOutstanding1":null,"imgOutstanding2":null},"identifier":null,"level":null,"upperLevel":null,"url":null,"urlMobile":null,"icon":null,"imgOutstanding1":null,"imgOutstanding2":null},{"totalArticles":0,"idNivell":"13*380*110","descripcio":"Tèxtil llit","children":null,"description":null,"firstThirdChild":{"totalArticles":0,"idNivell":"13*380*110*060","descripcio":"Coixins, coixineres i fundes","children":null,"description":null,"firstThirdChild":null,"identifier":null,"level":null,"upperLevel":null,"url":null,"urlMobile":null,"icon":null,"imgOutstanding1":null,"imgOutstanding2":null},"identifier":null,"level":null,"upperLevel":null,"url":null,"urlMobile":null,"icon":null,"imgOutstanding1":null,"imgOutstanding2":null}],"description":"Roba, calçat i tèxtil llar","firstThirdChild":null,"identifier":"13*380","level":null,"upperLevel":null,"url":"~/categories/roba-calcat-i-textil-llar/13_380","urlMobile":"~/categories/roba-calcat-i-textil-llar/13_380","icon":"icon-textiles","imgOutstanding1":null,"imgOutstanding2":null},{"totalArticles":0,"idNivell":null,"descripcio":null,"children":[{"totalArticles":0,"idNivell":"13*390*010","descripcio":"Informàtica i telefonia","children":null,"description":null,"firstThirdChild":{"totalArticles":0,"idNivell":"13*390*010*080","descripcio":"Portàtils, tabletes i reproductors","children":null,"description":null,"firstThirdChild":null,"identifier":null,"level":null,"upperLevel":null,"url":null,"urlMobile":null,"icon":null,"imgOutstanding1":null,"imgOutstanding2":null},"identifier":null,"level":null,"upperLevel":null,"url":null,"urlMobile":null,"icon":null,"imgOutstanding1":null,"imgOutstanding2":null},{"totalArticles":0,"idNivell":"13*390*050","descripcio":"Gaming / Consoles i jocs","children":null,"description":null,"firstThirdChild":{"totalArticles":0,"idNivell":"13*390*050*020","descripcio":"Accessoris","children":null,"description":null,"firstThirdChild":null,"identifier":null,"level":null,"upperLevel":null,"url":null,"urlMobile":null,"icon":null,"imgOutstanding1":null,"imgOutstanding2":null},"identifier":null,"level":null,"upperLevel":null,"url":null,"urlMobile":null,"icon":null,"imgOutstanding1":null,"imgOutstanding2":null},{"totalArticles":0,"idNivell":"13*390*020","descripcio":"Oficina i papereria","children":null,"description":null,"firstThirdChild":{"totalArticles":0,"idNivell":"13*390*020*010","descripcio":"Articles d\u0027oficina","children":null,"description":null,"firstThirdChild":null,"identifier":null,"level":null,"upperLevel":null,"url":null,"urlMobile":null,"icon":null,"imgOutstanding1":null,"imgOutstanding2":null},"identifier":null,"level":null,"upperLevel":null,"url":null,"urlMobile":null,"icon":null,"imgOutstanding1":null,"imgOutstanding2":null},{"totalArticles":0,"idNivell":"13*390*070","descripcio":"Zona Apple","children":null,"description":null,"firstThirdChild":{"totalArticles":0,"idNivell":"13*390*070*010","descripcio":"Accessoris","children":null,"description":null,"firstThirdChild":null,"identifier":null,"level":null,"upperLevel":null,"url":null,"urlMobile":null,"icon":null,"imgOutstanding1":null,"imgOutstanding2":null},"identifier":null,"level":null,"upperLevel":null,"url":null,"urlMobile":null,"icon":null,"imgOutstanding1":null,"imgOutstanding2":null},{"totalArticles":0,"idNivell":"13*390*030","descripcio":"Material botigues i negocis","children":null,"description":null,"firstThirdChild":{"totalArticles":0,"idNivell":"13*390*030*001","descripcio":"Tots els productes","children":null,"description":null,"firstThirdChild":null,"identifier":null,"level":null,"upperLevel":null,"url":null,"urlMobile":null,"icon":null,"imgOutstanding1":null,"imgOutstanding2":null},"identifier":null,"level":null,"upperLevel":null,"url":null,"urlMobile":null,"icon":null,"imgOutstanding1":null,"imgOutstanding2":null},{"totalArticles":0,"idNivell":"13*390*080","descripcio":"Oci i temps de lleure","children":null,"description":null,"firstThirdChild":{"totalArticles":0,"idNivell":"13*390*080*030","descripcio":"Regals: Caixes d\u0027experiències","children":null,"description":null,"firstThirdChild":null,"identifier":null,"level":null,"upperLevel":null,"url":null,"urlMobile":null,"icon":null,"imgOutstanding1":null,"imgOutstanding2":null},"identifier":null,"level":null,"upperLevel":null,"url":null,"urlMobile":null,"icon":null,"imgOutstanding1":null,"imgOutstanding2":null}],"description":"Informàtica i papereria","firstThirdChild":null,"identifier":"13*390","level":null,"upperLevel":null,"url":"~/categories/informatica-i-papereria/13_390","urlMobile":"~/categories/informatica-i-papereria/13_390","icon":"icon-office-stationery","imgOutstanding1":null,"imgOutstanding2":null},{"totalArticles":0,"idNivell":null,"descripcio":null,"children":[{"totalArticles":0,"idNivell":"13*400*010","descripcio":"Alimentació","children":null,"description":null,"firstThirdChild":{"totalArticles":0,"idNivell":"13*400*010*010","descripcio":"Farinetes","children":null,"description":null,"firstThirdChild":null,"identifier":null,"level":null,"upperLevel":null,"url":null,"urlMobile":null,"icon":null,"imgOutstanding1":null,"imgOutstanding2":null},"identifier":null,"level":null,"upperLevel":null,"url":null,"urlMobile":null,"icon":null,"imgOutstanding1":null,"imgOutstanding2":null},{"totalArticles":0,"idNivell":"13*400*070","descripcio":"Bolquers i tovalloletes","children":null,"description":null,"firstThirdChild":{"totalArticles":0,"idNivell":"13*400*070*010","descripcio":"Bolquers","children":null,"description":null,"firstThirdChild":null,"identifier":null,"level":null,"upperLevel":null,"url":null,"urlMobile":null,"icon":null,"imgOutstanding1":null,"imgOutstanding2":null},"identifier":null,"level":null,"upperLevel":null,"url":null,"urlMobile":null,"icon":null,"imgOutstanding1":null,"imgOutstanding2":null},{"totalArticles":0,"idNivell":"13*400*040","descripcio":"Colònies infantils","children":null,"description":null,"firstThirdChild":null,"identifier":null,"level":null,"upperLevel":null,"url":null,"urlMobile":null,"icon":null,"imgOutstanding1":null,"imgOutstanding2":null},{"totalArticles":0,"idNivell":"13*400*060","descripcio":"Cremes, higiene i parafarmàcia","children":null,"description":null,"firstThirdChild":{"totalArticles":0,"idNivell":"13*400*060*010","descripcio":"Articles d\u0027higiene","children":null,"description":null,"firstThirdChild":null,"identifier":null,"level":null,"upperLevel":null,"url":null,"urlMobile":null,"icon":null,"imgOutstanding1":null,"imgOutstanding2":null},"identifier":null,"level":null,"upperLevel":null,"url":null,"urlMobile":null,"icon":null,"imgOutstanding1":null,"imgOutstanding2":null},{"totalArticles":0,"idNivell":"13*400*030","descripcio":"Joguines","children":null,"description":null,"firstThirdChild":{"totalArticles":0,"idNivell":"13*400*030*010","descripcio":"Acció","children":null,"description":null,"firstThirdChild":null,"identifier":null,"level":null,"upperLevel":null,"url":null,"urlMobile":null,"icon":null,"imgOutstanding1":null,"imgOutstanding2":null},"identifier":null,"level":null,"upperLevel":null,"url":null,"urlMobile":null,"icon":null,"imgOutstanding1":null,"imgOutstanding2":null},{"totalArticles":0,"idNivell":"13*400*050","descripcio":"Regals","children":null,"description":null,"firstThirdChild":null,"identifier":null,"level":null,"upperLevel":null,"url":null,"urlMobile":null,"icon":null,"imgOutstanding1":null,"imgOutstanding2":null}],"description":"Joguines i món nadó","firstThirdChild":null,"identifier":"13*400","level":null,"upperLevel":null,"url":"~/categories/joguines-i-mon-nado/13_400","urlMobile":"~/categories/joguines-i-mon-nado/13_400","icon":"icon-toys-party","imgOutstanding1":null,"imgOutstanding2":null},{"totalArticles":0,"idNivell":null,"descripcio":null,"children":[{"totalArticles":0,"idNivell":"13*070*010","descripcio":"Adhesius","children":null,"description":null,"firstThirdChild":{"totalArticles":0,"idNivell":"13*070*010*040","descripcio":"Cintes adhesives","children":null,"description":null,"firstThirdChild":null,"identifier":null,"level":null,"upperLevel":null,"url":null,"urlMobile":null,"icon":null,"imgOutstanding1":null,"imgOutstanding2":null},"identifier":null,"level":null,"upperLevel":null,"url":null,"urlMobile":null,"icon":null,"imgOutstanding1":null,"imgOutstanding2":null},{"totalArticles":0,"idNivell":"13*070*020","descripcio":"Aire i racoreria","children":null,"description":null,"firstThirdChild":{"totalArticles":0,"idNivell":"13*070*020*010","descripcio":"Accessoris","children":null,"description":null,"firstThirdChild":null,"identifier":null,"level":null,"upperLevel":null,"url":null,"urlMobile":null,"icon":null,"imgOutstanding1":null,"imgOutstanding2":null},"identifier":null,"level":null,"upperLevel":null,"url":null,"urlMobile":null,"icon":null,"imgOutstanding1":null,"imgOutstanding2":null},{"totalArticles":0,"idNivell":"13*070*030","descripcio":"Caixes d\u0027eines i organització","children":null,"description":null,"firstThirdChild":{"totalArticles":0,"idNivell":"13*070*030*010","descripcio":"Caixes d\u0027eines","children":null,"description":null,"firstThirdChild":null,"identifier":null,"level":null,"upperLevel":null,"url":null,"urlMobile":null,"icon":null,"imgOutstanding1":null,"imgOutstanding2":null},"identifier":null,"level":null,"upperLevel":null,"url":null,"urlMobile":null,"icon":null,"imgOutstanding1":null,"imgOutstanding2":null},{"totalArticles":0,"idNivell":"13*070*050","descripcio":"Eines elèctriques","children":null,"description":null,"firstThirdChild":{"totalArticles":0,"idNivell":"13*070*050*080","descripcio":"Trepants i cargoladors","children":null,"description":null,"firstThirdChild":null,"identifier":null,"level":null,"upperLevel":null,"url":null,"urlMobile":null,"icon":null,"imgOutstanding1":null,"imgOutstanding2":null},"identifier":null,"level":null,"upperLevel":null,"url":null,"urlMobile":null,"icon":null,"imgOutstanding1":null,"imgOutstanding2":null},{"totalArticles":0,"idNivell":"13*070*060","descripcio":"Electricitat","children":null,"description":null,"firstThirdChild":{"totalArticles":0,"idNivell":"13*070*060*020","descripcio":"Allargadors, bases i interruptors","children":null,"description":null,"firstThirdChild":null,"identifier":null,"level":null,"upperLevel":null,"url":null,"urlMobile":null,"icon":null,"imgOutstanding1":null,"imgOutstanding2":null},"identifier":null,"level":null,"upperLevel":null,"url":null,"urlMobile":null,"icon":null,"imgOutstanding1":null,"imgOutstanding2":null},{"totalArticles":0,"idNivell":"13*070*070","descripcio":"Ferreteria","children":null,"description":null,"firstThirdChild":{"totalArticles":0,"idNivell":"13*070*070*010","descripcio":"Alicates","children":null,"description":null,"firstThirdChild":null,"identifier":null,"level":null,"upperLevel":null,"url":null,"urlMobile":null,"icon":null,"imgOutstanding1":null,"imgOutstanding2":null},"identifier":null,"level":null,"upperLevel":null,"url":null,"urlMobile":null,"icon":null,"imgOutstanding1":null,"imgOutstanding2":null},{"totalArticles":0,"idNivell":"13*070*080","descripcio":"Fontaneria","children":null,"description":null,"firstThirdChild":{"totalArticles":0,"idNivell":"13*070*080*060","descripcio":"Accessoris","children":null,"description":null,"firstThirdChild":null,"identifier":null,"level":null,"upperLevel":null,"url":null,"urlMobile":null,"icon":null,"imgOutstanding1":null,"imgOutstanding2":null},"identifier":null,"level":null,"upperLevel":null,"url":null,"urlMobile":null,"icon":null,"imgOutstanding1":null,"imgOutstanding2":null},{"totalArticles":0,"idNivell":"13*070*130","descripcio":"Neteja","children":null,"description":null,"firstThirdChild":null,"identifier":null,"level":null,"upperLevel":null,"url":null,"urlMobile":null,"icon":null,"imgOutstanding1":null,"imgOutstanding2":null},{"totalArticles":0,"idNivell":"13*070*100","descripcio":"Pintura","children":null,"description":null,"firstThirdChild":{"totalArticles":0,"idNivell":"13*070*100*010","descripcio":"Disolvents i productes de neteja","children":null,"description":null,"firstThirdChild":null,"identifier":null,"level":null,"upperLevel":null,"url":null,"urlMobile":null,"icon":null,"imgOutstanding1":null,"imgOutstanding2":null},"identifier":null,"level":null,"upperLevel":null,"url":null,"urlMobile":null,"icon":null,"imgOutstanding1":null,"imgOutstanding2":null},{"totalArticles":0,"idNivell":"13*070*090","descripcio":"Pèl·let","children":null,"description":null,"firstThirdChild":null,"identifier":null,"level":null,"upperLevel":null,"url":null,"urlMobile":null,"icon":null,"imgOutstanding1":null,"imgOutstanding2":null},{"totalArticles":0,"idNivell":"13*070*110","descripcio":"Soldadura i soplets","children":null,"description":null,"firstThirdChild":null,"identifier":null,"level":null,"upperLevel":null,"url":null,"urlMobile":null,"icon":null,"imgOutstanding1":null,"imgOutstanding2":null}],"description":"Bricolatge","firstThirdChild":null,"identifier":"13*070","level":null,"upperLevel":null,"url":"~/categories/bricolatge/13_070","urlMobile":"~/categories/bricolatge/13_070","icon":"icon-diy","imgOutstanding1":null,"imgOutstanding2":null},{"totalArticles":0,"idNivell":null,"descripcio":null,"children":[{"totalArticles":0,"idNivell":"13*080*130","descripcio":"Accessoris agrícoles","children":null,"description":null,"firstThirdChild":null,"identifier":null,"level":null,"upperLevel":null,"url":null,"urlMobile":null,"icon":null,"imgOutstanding1":null,"imgOutstanding2":null},{"totalArticles":0,"idNivell":"13*080*010","descripcio":"Accessoris vehicles","children":null,"description":null,"firstThirdChild":{"totalArticles":0,"idNivell":"13*080*010*030","descripcio":"Adaptadors i altres accessoris","children":null,"description":null,"firstThirdChild":null,"identifier":null,"level":null,"upperLevel":null,"url":null,"urlMobile":null,"icon":null,"imgOutstanding1":null,"imgOutstanding2":null},"identifier":null,"level":null,"upperLevel":null,"url":null,"urlMobile":null,"icon":null,"imgOutstanding1":null,"imgOutstanding2":null},{"totalArticles":0,"idNivell":"13*080*020","descripcio":"Additius","children":null,"description":null,"firstThirdChild":null,"identifier":null,"level":null,"upperLevel":null,"url":null,"urlMobile":null,"icon":null,"imgOutstanding1":null,"imgOutstanding2":null},{"totalArticles":0,"idNivell":"13*080*030","descripcio":"Anticongelants i neteja parabrises","children":null,"description":null,"firstThirdChild":null,"identifier":null,"level":null,"upperLevel":null,"url":null,"urlMobile":null,"icon":null,"imgOutstanding1":null,"imgOutstanding2":null},{"totalArticles":0,"idNivell":"13*080*040","descripcio":"Bateries i accessoris","children":null,"description":null,"firstThirdChild":{"totalArticles":0,"idNivell":"13*080*040*010","descripcio":"Bateries","children":null,"description":null,"firstThirdChild":null,"identifier":null,"level":null,"upperLevel":null,"url":null,"urlMobile":null,"icon":null,"imgOutstanding1":null,"imgOutstanding2":null},"identifier":null,"level":null,"upperLevel":null,"url":null,"urlMobile":null,"icon":null,"imgOutstanding1":null,"imgOutstanding2":null},{"totalArticles":0,"idNivell":"13*080*050","descripcio":"Bidons emmagatzematge","children":null,"description":null,"firstThirdChild":null,"identifier":null,"level":null,"upperLevel":null,"url":null,"urlMobile":null,"icon":null,"imgOutstanding1":null,"imgOutstanding2":null},{"totalArticles":0,"idNivell":"13*080*060","descripcio":"Cadenes i fundes pneumàtics","children":null,"description":null,"firstThirdChild":{"totalArticles":0,"idNivell":"13*080*060*010","descripcio":"Cadenes","children":null,"description":null,"firstThirdChild":null,"identifier":null,"level":null,"upperLevel":null,"url":null,"urlMobile":null,"icon":null,"imgOutstanding1":null,"imgOutstanding2":null},"identifier":null,"level":null,"upperLevel":null,"url":null,"urlMobile":null,"icon":null,"imgOutstanding1":null,"imgOutstanding2":null},{"totalArticles":0,"idNivell":"13*080*120","descripcio":"Consumibles benzineres i rentadors","children":null,"description":null,"firstThirdChild":{"totalArticles":0,"idNivell":"13*080*120*010","descripcio":"Benzineres","children":null,"description":null,"firstThirdChild":null,"identifier":null,"level":null,"upperLevel":null,"url":null,"urlMobile":null,"icon":null,"imgOutstanding1":null,"imgOutstanding2":null},"identifier":null,"level":null,"upperLevel":null,"url":null,"urlMobile":null,"icon":null,"imgOutstanding1":null,"imgOutstanding2":null},{"totalArticles":0,"idNivell":"13*080*110","descripcio":"Filtres vehicles","children":null,"description":null,"firstThirdChild":{"totalArticles":0,"idNivell":"13*080*110*030","descripcio":"Filtres aire","children":null,"description":null,"firstThirdChild":null,"identifier":null,"level":null,"upperLevel":null,"url":null,"urlMobile":null,"icon":null,"imgOutstanding1":null,"imgOutstanding2":null},"identifier":null,"level":null,"upperLevel":null,"url":null,"urlMobile":null,"icon":null,"imgOutstanding1":null,"imgOutstanding2":null},{"totalArticles":0,"idNivell":"13*080*070","descripcio":"Greixos i esprais lubricants","children":null,"description":null,"firstThirdChild":{"totalArticles":0,"idNivell":"13*080*070*010","descripcio":"Bombes engreix i complements","children":null,"description":null,"firstThirdChild":null,"identifier":null,"level":null,"upperLevel":null,"url":null,"urlMobile":null,"icon":null,"imgOutstanding1":null,"imgOutstanding2":null},"identifier":null,"level":null,"upperLevel":null,"url":null,"urlMobile":null,"icon":null,"imgOutstanding1":null,"imgOutstanding2":null},{"totalArticles":0,"idNivell":"13*080*080","descripcio":"Il·luminació vehicles","children":null,"description":null,"firstThirdChild":null,"identifier":null,"level":null,"upperLevel":null,"url":null,"urlMobile":null,"icon":null,"imgOutstanding1":null,"imgOutstanding2":null},{"totalArticles":0,"idNivell":"13*080*100","descripcio":"Neteja i ambientadors vehicles","children":null,"description":null,"firstThirdChild":{"totalArticles":0,"idNivell":"13*080*100*010","descripcio":"Ambientadors","children":null,"description":null,"firstThirdChild":null,"identifier":null,"level":null,"upperLevel":null,"url":null,"urlMobile":null,"icon":null,"imgOutstanding1":null,"imgOutstanding2":null},"identifier":null,"level":null,"upperLevel":null,"url":null,"urlMobile":null,"icon":null,"imgOutstanding1":null,"imgOutstanding2":null},{"totalArticles":0,"idNivell":"13*080*090","descripcio":"Olis de motor","children":null,"description":null,"firstThirdChild":{"totalArticles":0,"idNivell":"13*080*090*010","descripcio":"Vehicles agrícoles","children":null,"description":null,"firstThirdChild":null,"identifier":null,"level":null,"upperLevel":null,"url":null,"urlMobile":null,"icon":null,"imgOutstanding1":null,"imgOutstanding2":null},"identifier":null,"level":null,"upperLevel":null,"url":null,"urlMobile":null,"icon":null,"imgOutstanding1":null,"imgOutstanding2":null}],"description":"Automoció","firstThirdChild":null,"identifier":"13*080","level":null,"upperLevel":null,"url":"~/categories/automocio/13_080","urlMobile":"~/categories/automocio/13_080","icon":"icon-automotive","imgOutstanding1":null,"imgOutstanding2":null},{"totalArticles":0,"idNivell":null,"descripcio":null,"children":[{"totalArticles":0,"idNivell":"13*410*050","descripcio":"Avicultura","children":null,"description":null,"firstThirdChild":{"totalArticles":0,"idNivell":"13*410*050*010","descripcio":"Abeuradors","children":null,"description":null,"firstThirdChild":null,"identifier":null,"level":null,"upperLevel":null,"url":null,"urlMobile":null,"icon":null,"imgOutstanding1":null,"imgOutstanding2":null},"identifier":null,"level":null,"upperLevel":null,"url":null,"urlMobile":null,"icon":null,"imgOutstanding1":null,"imgOutstanding2":null},{"totalArticles":0,"idNivell":"13*410*080","descripcio":"Calefacció i control ambiental","children":null,"description":null,"firstThirdChild":{"totalArticles":0,"idNivell":"13*410*080*030","descripcio":"Elèctric","children":null,"description":null,"firstThirdChild":null,"identifier":null,"level":null,"upperLevel":null,"url":null,"urlMobile":null,"icon":null,"imgOutstanding1":null,"imgOutstanding2":null},"identifier":null,"level":null,"upperLevel":null,"url":null,"urlMobile":null,"icon":null,"imgOutstanding1":null,"imgOutstanding2":null},{"totalArticles":0,"idNivell":"13*410*070","descripcio":"Conills","children":null,"description":null,"firstThirdChild":{"totalArticles":0,"idNivell":"13*410*070*010","descripcio":"Abeuradors","children":null,"description":null,"firstThirdChild":null,"identifier":null,"level":null,"upperLevel":null,"url":null,"urlMobile":null,"icon":null,"imgOutstanding1":null,"imgOutstanding2":null},"identifier":null,"level":null,"upperLevel":null,"url":null,"urlMobile":null,"icon":null,"imgOutstanding1":null,"imgOutstanding2":null},{"totalArticles":0,"idNivell":"13*410*030","descripcio":"Control ambiental","children":null,"description":null,"firstThirdChild":{"totalArticles":0,"idNivell":"13*410*030*020","descripcio":"Material gas","children":null,"description":null,"firstThirdChild":null,"identifier":null,"level":null,"upperLevel":null,"url":null,"urlMobile":null,"icon":null,"imgOutstanding1":null,"imgOutstanding2":null},"identifier":null,"level":null,"upperLevel":null,"url":null,"urlMobile":null,"icon":null,"imgOutstanding1":null,"imgOutstanding2":null},{"totalArticles":0,"idNivell":"13*410*090","descripcio":"Dosificadors, medicaments","children":null,"description":null,"firstThirdChild":null,"identifier":null,"level":null,"upperLevel":null,"url":null,"urlMobile":null,"icon":null,"imgOutstanding1":null,"imgOutstanding2":null},{"totalArticles":0,"idNivell":"13*410*020","descripcio":"Neteja industrial","children":null,"description":null,"firstThirdChild":{"totalArticles":0,"idNivell":"13*410*020*010","descripcio":"Eines de neteja","children":null,"description":null,"firstThirdChild":null,"identifier":null,"level":null,"upperLevel":null,"url":null,"urlMobile":null,"icon":null,"imgOutstanding1":null,"imgOutstanding2":null},"identifier":null,"level":null,"upperLevel":null,"url":null,"urlMobile":null,"icon":null,"imgOutstanding1":null,"imgOutstanding2":null},{"totalArticles":0,"idNivell":"13*410*060","descripcio":"Oví i boví","children":null,"description":null,"firstThirdChild":{"totalArticles":0,"idNivell":"13*410*060*010","descripcio":"Abeuradors","children":null,"description":null,"firstThirdChild":null,"identifier":null,"level":null,"upperLevel":null,"url":null,"urlMobile":null,"icon":null,"imgOutstanding1":null,"imgOutstanding2":null},"identifier":null,"level":null,"upperLevel":null,"url":null,"urlMobile":null,"icon":null,"imgOutstanding1":null,"imgOutstanding2":null},{"totalArticles":0,"idNivell":"13*410*040","descripcio":"Porc","children":null,"description":null,"firstThirdChild":{"totalArticles":0,"idNivell":"13*410*040*010","descripcio":"Abeuradors","children":null,"description":null,"firstThirdChild":null,"identifier":null,"level":null,"upperLevel":null,"url":null,"urlMobile":null,"icon":null,"imgOutstanding1":null,"imgOutstanding2":null},"identifier":null,"level":null,"upperLevel":null,"url":null,"urlMobile":null,"icon":null,"imgOutstanding1":null,"imgOutstanding2":null},{"totalArticles":0,"idNivell":"13*410*100","descripcio":"Tancats elèctrics","children":null,"description":null,"firstThirdChild":{"totalArticles":0,"idNivell":"13*410*100*030","descripcio":"Aïlladors","children":null,"description":null,"firstThirdChild":null,"identifier":null,"level":null,"upperLevel":null,"url":null,"urlMobile":null,"icon":null,"imgOutstanding1":null,"imgOutstanding2":null},"identifier":null,"level":null,"upperLevel":null,"url":null,"urlMobile":null,"icon":null,"imgOutstanding1":null,"imgOutstanding2":null}],"description":"Material ramader","firstThirdChild":null,"identifier":"13*410","level":null,"upperLevel":null,"url":"~/categories/material-ramader/13_410","urlMobile":"~/categories/material-ramader/13_410","icon":"icon-livestock","imgOutstanding1":null,"imgOutstanding2":null}];var currentShoppingCart=[];const DOMICILI_PAYMENT='7,95';const FREE_DELIVERY_AMOUNT=150;const MINIUM_AMOUNT_NOTICE=120;var dayOfWeek="-1";var numberOfPagesLoaded=1;var invitationLogin="True"=="False"?false:true;var totalArticles=0;var importTotal=0;const TypeOfPurchaseSHOP="SHOP";const TypeOfPurchaseBOX="BOX";const TypeOfPurchaseHOME="HOME";const TypeOfPurchaseALL="ALL";const MAXIMUM_ITEMS=98;const IMPORTMINIM=0;</script><script>var general={"recarregar":"Recarregar","PreuUnitari":"Preu Unitari","importMinim20Text":"La compra no arriba a 20  €. Et tornem a la pantalla de compra perquè puguis afegir/modificar articles.","importInferior30":"Import inferior a 30 euros, tiquet no valid a la promoció","MesVenuts":"Més venuts","MTCHorariRecollida":"Horari de recollida","baixadaPreu":"Baixada preu","locateAlert":"No s'ha pogut trobar l'adreça introduïda","comandaAmbArticlesDiesServeiNoArribaAlMinim":"Aquesta comanda, després de treure els articles sense servei el dia escollit, no arriba a l'import mínim. Pots canviar el dia d'entrega/recollida o modificar la llista d'articles del carret.","eliminarArticleLlista":"Eliminar article de la llista","VolumCongelatsSupera":"El volum total de congelats seleccionats supera l'espai disponible que té aquest box, per això l'hi oferim canviar el sistema d'entrega o reduir la quantitat de congelats.","infoProductes":"Info productes","Alfabetic":"Alfabètic","segurTotsArticlesCarret":"Estàs segur que vols afegir TOTS aquests articles al carret?","crearNouTicket":"Nou ticket","ConfirmMajor18":"Falta confirmar que ets major de 18 anys","seleccioniPoblacio":"Seleccioni una població ...","preuImbatible":"Preu imbatible","ElVolumTotalCongelats":"El volum total de congelats seleccionats supera l'espai disponible que té aquest box, per això l'hi oferim canviar el sistema d'entrega o reduir la quantitat de congelats.","modificarUnitatsLlista":"Modificar unitats a la llista","ompleTotsElsCamps":"Omple tots els camps per poder validar el ticket","NoHemPogutCarregarArticleCorrectament":"No hem pogut carregar correctament l'article seleccionat, pot no estar disponible en aquests moments","producteSolidari":"Producte solidari","Carregant":"Carregant ... ","NousProductes":"Novetats","ComandaNoArribaAMinimBox":"Aquesta comanda no arriba a l'import mínim per a box de 50 euros . Pots mirar de canviar de sistema d'entrega/recollida o modificar la llista d'articles del carret.","informacioComplementariaProductes":"Informació complementaria productes","PrimerSeleccioDia":"Primer has de seleccionar el dia","SuperaConsumPreferent":"Aquest ou ja ha superat la data de consum preferent","stepBox2":"2.- Selecciona el dia que vols recollir la comanda al box","stepBox3":"3.- Seleccioni la hora que vols recollir la comanda al box","stepBox1":"1.- Selecciona provincia i box on vols recollir la comanda","stepBox4":"Recollida al box","ConfirmPoliticaPrivacitat":"Falta acceptar la política de privacitat","codiPostalObligatori":"El codi postal es obligatori, i ha de tenir 5 números","senseEstoc":"SENSE ESTOC","ComandaNoArribaAMinimBotiga":"Aquesta comanda, després de treure els articles que no podem servir el dia escollit, no arriba a l'import mínim per a botiga de 25 euros . Pots mirar de canviar de dia, de sistema d'entrega/recollida o modificar la llista d'articles del carret.","stepShop3":"Recollida a la botiga","stepShop2":"2.- Selecciona el dia que vols recollir la comanda","stepShop1":"1.- Selecciona provincia i botiga on vols recollir la comanda","stepHome1":"1.- Selecciona la província i població on vols rebre la comanda","stepHome2":"2.- Selecciona el dia que vols rebre la comanda","stepHome3":"3.- Selecciona l'hora que vols rebre la comanda","stepHome4":"Entrega a domicili","compraPerCategories":"Comprar per categories","formatDataIncorrecte":"La data no està en un format vàlid","nou":"Nou","ple":"(franja plena)","disculpinMolestiesBoxForaServei":"Disculpin les molèsties, aquest BOX està temporalment fora de servei.","resultatsPer":"resultats per","festiuLocal":"Festiu local","MTCHorariEntrega":"Horari d'entrega","faltaAcceptarCondicions":"Falta acceptar condicions del sorteig","Suggeriments":"Suggeriments","possiblesHoresDisponiblesRecollida":"Possibles hores disponibles de recollida pel","ComandaNoArribaAMinimHome":"Aquesta comanda, després de treure els articles que no podem servir el dia escollit, no arriba a l'import mínim per a domicili de 50 euros . Pots mirar de canviar de dia, de sistema d'entrega/recollida o modificar la llista d'articles del carret.","emptySearchWord":"Introdueix una paraula per cercar","superPreus":"Súper preus","seleccioniAltreBox":"Seleccioni un altre BOX.","ComandaNoArribaAMinim":"Aquesta comanda, després de treure els articles que no podem servir el dia escollit, no arriba a l'import mínim. Pots mirar de canviar de dia, de sistema d'entrega/recollida o modificar la llista d'articles del carret.","veureTots":"Veure tots","codiError":"El codi introduït es erroni","carregantPoblacions":"Carregant poblacions...","OrdenatPer":"Ordenat per","validando":"Validant ..","dataEmpty":"Introdueix una data vàlida","ERRHoraPlena":"Aquesta hora ha quedat plena. Esculli de nou data i hora","SenseImport":"Has d'introduïr un import","SenseGluten":"Sense Gluten","senseServei":"Sense servei","seleccioniCorrecte":"Seleccioni el correcte","finsEl":"FINS EL","CampsMarcatsObligatoris":"Els camps marcats amb un * són obligatoris","eurosSuplementAlcada":"€ de suplement per alçada","Mostrant":"Mostrant","LimitDais":"La data introduïda no és correcta","Preu":"Preu"}</script><script src="/bundles/general?v=Fn2CD_WPDTqqYfTxSy0EO4p1kg5gi08jJmwabP2QvhY1"></script><script src="/bundles/sistemesEntrega?v=DPrYutyJWQqxtRL7L6s7B99aUQEDLCu8kPgR4GXJUnU1"></script><script>var compra={"comandaAmbCostGestio":"La seva comanda té un cost de gestió. Pot consultar-ho a l'apartat \"GESTIÓ KG/L EXTRES\".","totalImport":"Total import","Afegir":"Afegir","seleccioGourmet":"Selecció Gourmet","eliminarArticleLlista":"Eliminar article de llista","aquestaComandaSuperaXXX":"A partir de XXX €, gratis a domicili","ERRImportMinim":"L'import mínim de la comanda es","comandesSuperiorsXXXTransportGratuit":"Gratis a domicili a partir de XXX €","solsEtFalten":"sols et falten","LlistaRepetida":"Llista repetida","compartirArticle":"Compartir article","ERRMinimCarret":"Com a mínim ha de tenir un article al carret per poder continuar","seleccioGourmetTxt":"Una bona taula, petits moments, un capritx...","deLaLlista":"de la llista","ERRImportMinim20":"L'import mínim de la comanda es de 20 €","ERRImportMinim25":"L'import mínim de la comanda es de 25 €","volsEliminarArticle":"Vols eliminar article","totalProductes":"Total productes","IndrodueixUnNom":"Indrodueix un nom","enllacCopiat":"Enllaç copiat al portapapers"}</script><iframe height="0" width="0" style="display: none; visibility: hidden;"></iframe><script src="/Scripts/clipboard.min.js"></script><script src="/bundles/compra?v=NWfnqWVc7gFTq7_YDK4xjZo83j87ylBVvLzE4nxEGwM1"></script><a class="pujar" href="#"><div class="icon-angle-scroll-top"></div></a><div class="modal fade" id="alert-message" tabindex="-1" role="dialog" aria-labelledby="myModalLabel"><div class="modal-dialog modal-dialog--default" role="document"><div class="modal-content modal-content--default"><div class="modal-header"><button type="button" class="close" data-bs-dismiss="modal" aria-label="Close"><span aria-hidden="true"><img src="/Content/img/icon-close.svg"></span></button><h4 class="modal-title" id="myModalLabel">Informació</h4></div><div class="modal-body" id="alert-message-txt"></div><div class="modal-footer"><button type="button" class="btn btn-primary" data-bs-dismiss="modal">Tancar</button></div></div></div></div><div class="modal" id="modal-article" tabindex="-1" role="dialog" aria-labelledby="ModalArticle"><div class="modal-dialog modal-product-sheet" role="document"><div class="modal-content"><button type="button" class="close" data-bs-dismiss="modal" aria-label="Close"><span aria-hidden="true"><img src="/Content/img/icon-close.svg"></span></button><div class="modal-product clearfix" id="divProductSheet"></div></div></div></div><style>.modal-purchase-list{font-size:15.5px}.container-for-lists{max-height:calc(100vh - 342px);overflow-y:auto}.modal-purchase-list .box-list-modal,.modal-btn-create-list{margin:0;height:50px;border-bottom:1px solid #ddd}.btn-create-list{font-weight:700;cursor:pointer;color:var(--color-primary);width:100%}.btn-create-list:hover{text-decoration:underline}.modal-btn-create-list .input-group{color:var(--color-primary);width:100%}.modal-btn-create-list .input-group input{border:none;box-shadow:none;background:transparent}.modal-btn-create-list .input-group button{padding-left:20px;padding-right:20px;background:no-repeat;font-weight:500;text-decoration:underline}.modal-btn-create-list .input-group button:hover{text-decoration:none;color:var(--color-primary);outline:none}.modal-btn-create-list .input-group label{position:absolute;top:-23px;font-size:12px;font-weight:500;background:#fff;padding:1px 5px;left:5}.modal-purchase-list .box-list-modal,.modal-btn-create-list,.modal-error-create-list{display:-webkit-box;display:-ms-flexbox;display:flex;-webkit-box-pack:justify;-ms-flex-pack:justify;justify-content:space-between;-ms-flex-flow:nowrap;flex-flow:nowrap;-webkit-box-align:center;-ms-flex-align:center;align-items:center}.pretitle-list{margin-bottom:8px;font-size:.875rem;opacity:.7}.pretitle-list .icon-quick-purchase{transform:scale(0.8);display:inline-block;width:30px;height:24px}.box-list-modal .name{-webkit-box-flex:1;-ms-flex:1;flex:1;font-weight:700;line-height:1.2;overflow:hidden;white-space:nowrap;text-overflow:ellipsis;width:70px;margin-right:5px}.box-list-modal .block-buy{width:120px}.modal-btn-create-list{border-top:1px solid #ddd}.modal-product-list{display:-webkit-box;display:-ms-flexbox;display:flex;margin-bottom:5px}.modal-product-list div:first-child{margin-right:10px}.modal-footer.list{text-align:right}.modal-addlists{min-width:95%;max-width:95%}@media (min-width:768px){.box-list-modal .block-buy{width:140px}.container-for-lists{max-height:initial;overflow-y:initial}.modal-purchase-list .box-list-modal,.modal-btn-create-list{height:60px}.box-list-modal .name{line-height:initial}.modal-addlists{min-width:90%;max-width:90%}.modal-product-list{margin-bottom:15px}}@media (min-width:992px){.modal-addlists{max-width:600px;min-width:600px}}</style><div class="modal fade" id="modal-add-lists" tabindex="-1" role="dialog" aria-labelledby="myModalLabel"><div class="modal-dialog modal-addlists" role="document"><div class="modal-content"><div class="modal-header"><button type="button" class="close" data-bs-dismiss="modal" aria-label="Close"><span aria-hidden="true"><img src="/Content/img/icon-close.svg"></span></button><div class="pretitle-list d-flex align-items-center"><i class="icon-header icon-quick-purchase"></i><span>Compra ràpida</span></div><h4 class="modal-title" id="myModalLabel" style="text-align:left">Afegeix a la llista</h4></div><div class="modal-purchase-list" data-article-id=""><div class="modal-product-list"><div><img class="article-src-list" src="" width="80"></div><div class="mt-2 text-article-list"></div></div><div><div class="modal-btn-create-list"><div class="btn-create-list">Crea una nova llista +</div><div class="div-create-list input-group d-none"><label>Crea una nova llista</label> <input id="create-list-name" type="text" class="form-control" placeholder="Nom de la teva llista"><div class="input-group-btn"><button id="create-list-btn" class="btn btn-model-list" type="button">Crear</button></div></div></div><div class="container-for-lists"><span>Carregant ...</span></div></div></div><div class="modal-footer list"><a class="btn-link" href="/ca/Shop/lists"> Anar a llistes <span class="d-none d-md-inline-block">&nbsp;de compra</span> </a> <button type="button" data-bs-dismiss="modal" class="btn btn-primary">Sortir</button></div></div></div></div><div class="modal fade" id="prompt-lists" tabindex="-1" role="dialog" aria-labelledby="myModalLabel"><div class="modal-dialog modal-new-list" role="document"><div class="modal-content"><div class="modal-header"><button type="button" class="close" data-bs-dismiss="modal" aria-label="Close"><span aria-hidden="true"><img src="/Content/img/icon-close.svg"></span></button></div><div class="modal-body list" id="prompt-lists-txt"></div></div></div></div><script>$(document).ready(function(){if($('#ejecutarShoppingBody').length>0){$("#main-container").html(addLoadingIcon());fetchShoppingBody('').then(function(answer){processResponse(answer,true);$(".navbar__item.navbar__item--menu").addClass("navbar__item--active");setPositionActiveMenu();if(mobilecheck()){closeMenuMobile();}});}
$('.close').on('click',function(event){event.preventDefault();$('#modal-article').modal('hide');});});</script><script>var items=[];var ultim;var total=items.length;var partialItems;for(var i=0;i<total;i+=10){ultim=((i+9)>items.length)?items.length:(i+9);partialItems=items.slice(i,ultim);gtag('event','view_item_list',{'send_to':GA4_ID_BOTIGAONLINE,"items":[partialItems]});}
for(var i=0;i<total;i+=10){ultim=((i+9)>items.length)?items.length:(i+9);partialItems=items.slice(i,ultim);gtag('event','view_item_list',{'send_to':GA4_ID_BOTIGAONLINE2,"items":[partialItems]});}
gaEventViewItemList("/",items)</script><div id="onetrust-consent-sdk" data-nosnippet="true"><div class="onetrust-pc-dark-filter ot-fade-in" style="z-index:2147483645;"></div><div id="onetrust-banner-sdk" class="otCenterRounded default vertical-align-content" tabindex="0" role="region" aria-label="Cookie banner"><div class="ot-sdk-container" role="dialog" aria-modal="true" aria-label="GALETES"><div class="ot-sdk-row"><div id="onetrust-group-container" class="ot-sdk-twelve ot-sdk-columns"><div id="onetrust-policy"><div class="banner-header"><div class="banner_logo"></div></div><h2 id="onetrust-policy-title">GALETES</h2><div id="onetrust-policy-text">Utilitzem galetes pròpies i de tercers per analitzar l’ús del lloc web i mostrar-te publicitat sobre la base d’un perfil elaborat a partir dels teus hàbits de navegació. Pots acceptar o rebutjar les cookies en els botons corresponents. També pots triar que cookies desitges acceptar  o rebutjar prement el botó “Configurar”. Per a més informació, consulta la nostra<a class="ot-cookie-policy-link" href="/ca/public/cookies" aria-label="Més informació sobre la teva privacitat, obre en una pestanya nova" rel="noopener" target="_blank">Política de cookies</a></div></div></div><div id="onetrust-button-group-parent" class="ot-sdk-twelve ot-sdk-columns has-reject-all-button"><div id="onetrust-button-group"><button id="onetrust-pc-btn-handler" class="cookie-setting-link">Configurar</button><div class="banner-actions-container"><button id="onetrust-reject-all-handler">Rebutjar</button> <button id="onetrust-accept-btn-handler">Acceptar </button></div></div></div><!-- Close Button --><div id="onetrust-close-btn-container"></div><!-- Close Button END--></div></div></div><div id="onetrust-pc-sdk" class="otPcCenter ot-hide ot-fade-in" lang="ca" aria-label="Preference center" role="region"><div role="dialog" aria-modal="true" style="height: 100%;" aria-label="Centre de preferència de privadesa"><!-- Close Button --><div class="ot-pc-header"><!-- Logo Tag --><div class="ot-pc-logo" role="img" aria-label="Logotip de l'empresa"><img alt="Logotip de l'empresa" src="https://cdn.cookielaw.org/logos/5d3510b7-6163-4d23-a445-135f8812e590/20304078-24fa-4058-a4b6-70fb3c98cb71/b2b8826b-c4a5-44ca-8ce3-99be68cfeabd/logo-bonArea-agrupa.png"></div></div><!-- Close Button --><div id="ot-pc-content" class="ot-pc-scrollbar"><div class="ot-optout-signal ot-hide"><div class="ot-optout-icon"><svg xmlns="http://www.w3.org/2000/svg"><path class="ot-floating-button__svg-fill" d="M14.588 0l.445.328c1.807 1.303 3.961 2.533 6.461 3.688 2.015.93 4.576 1.746 7.682 2.446 0 14.178-4.73 24.133-14.19 29.864l-.398.236C4.863 30.87 0 20.837 0 6.462c3.107-.7 5.668-1.516 7.682-2.446 2.709-1.251 5.01-2.59 6.906-4.016zm5.87 13.88a.75.75 0 00-.974.159l-5.475 6.625-3.005-2.997-.077-.067a.75.75 0 00-.983 1.13l4.172 4.16 6.525-7.895.06-.083a.75.75 0 00-.16-.973z" fill="#FFF" fill-rule="evenodd"></path></svg></div><span></span></div><h2 id="ot-pc-title">Centre de preferència de privadesa</h2><div id="ot-pc-desc">Quan visiteu un lloc web, és possible que aquest lloc desi o aprofiti informació del vostre navegador, generalment a través de les galetes. Aquesta informació pot incloure dades personals, sobre les vostres preferències o sobre el vostre dispositiu. També es pot fer servir per optimitzar el funcionament del lloc web. Normalment, la informació no inclou directament la vostra identitat, però us pot oferir una experiència web més personalitzada. Podeu desactivar alguns tipus de galetes específics. Feu clic als encapçalaments de les diferents categories per obtenir més informació i modificar la configuració predeterminada. Tanmateix, us informem que, si bloquegeu alguns tipus de galetes, la vostra experiència al lloc web i els serveis que us oferim es podrien veure afectats.
            <br><a href="/ca/public/cookies" class="privacy-notice-link" rel="noopener" target="_blank" aria-label="Més informació sobre la teva privacitat, obre en una pestanya nova">Més informació</a></div><button id="accept-recommended-btn-handler" ot-button-order="0">Accepta-ho tot</button><section class="ot-sdk-row ot-cat-grp"><h3 id="ot-category-title">Gestionar preferències de consentiment</h3><div class="ot-accordion-layout ot-cat-item ot-vs-config" data-optanongroupid="C0002"><button aria-expanded="false" ot-accordion="true" aria-controls="ot-desc-id-C0002" aria-labelledby="ot-header-id-C0002"></button><!-- Accordion header --><div class="ot-acc-hdr"><div class="ot-plus-minus"><span></span><span></span></div><h4 class="ot-cat-header" id="ot-header-id-C0002">Galetes de rendiment</h4><div class="ot-tgl"><input type="checkbox" name="ot-group-id-C0002" id="ot-group-id-C0002" role="switch" class="category-switch-handler" data-optanongroupid="C0002" aria-labelledby="ot-header-id-C0002"> <label class="ot-switch" for="ot-group-id-C0002"><span class="ot-switch-nob"></span> <span class="ot-label-txt">Galetes de rendiment</span></label> </div></div><!-- accordion detail --><div class="ot-acc-grpcntr ot-acc-txt"><p class="ot-acc-grpdesc ot-category-desc" id="ot-desc-id-C0002">Aquestes galetes ens permeten comptar les visites i les fonts de trànsit per tal de calcular i millorar el rendiment del nostre lloc web. Gràcies a aquestes galetes, podem saber quines pàgines són més populars i observar com els visitants es mouen pel lloc web. Tota la informació recopilada a través de les galetes és agregada i, per tant, anònima. Si no accepteu aquestes galetes, no sabrem quan heu visitat el nostre lloc web.</p><div class="ot-hlst-cntr"><button class="ot-link-btn category-host-list-handler" aria-label="Galetes de rendiment - El botó Detalls de les galetes obre el menú Llista de galetes" data-parent-id="C0002">Informació sobre galetes‎</button></div></div></div><div class="ot-accordion-layout ot-cat-item ot-vs-config" data-optanongroupid="C0001"><button aria-expanded="false" ot-accordion="true" aria-controls="ot-desc-id-C0001" aria-labelledby="ot-header-id-C0001 ot-status-id-C0001"></button><!-- Accordion header --><div class="ot-acc-hdr ot-always-active-group"><div class="ot-plus-minus"><span></span><span></span></div><h4 class="ot-cat-header" id="ot-header-id-C0001">Galetes imprescindibles</h4><div id="ot-status-id-C0001" class="ot-always-active">Sempre activat</div></div><!-- accordion detail --><div class="ot-acc-grpcntr ot-acc-txt"><p class="ot-acc-grpdesc ot-category-desc" id="ot-desc-id-C0001">Aquestes galetes són necessàries per al funcionament del lloc web i no es poden desactivar del nostre sistema. Normalment, només s'installen com a conseqüència d'alguna acció de l'usuari que es tradueix en una sol·licitud de serveis, com ara la configuració de les preferències de privadesa, l'inici de sessió o l'emplenament de dades en formularis. Podeu configurar el navegador perquè bloquegi o us avisi sobre aquestes galetes, però llavors és possible que algunes parts del lloc web no funcionin correctament.</p><div class="ot-hlst-cntr"><button class="ot-link-btn category-host-list-handler" aria-label="Galetes imprescindibles - El botó Detalls de les galetes obre el menú Llista de galetes" data-parent-id="C0001">Informació sobre galetes‎</button></div></div></div><div class="ot-accordion-layout ot-cat-item ot-vs-config" data-optanongroupid="C0004"><button aria-expanded="false" ot-accordion="true" aria-controls="ot-desc-id-C0004" aria-labelledby="ot-header-id-C0004"></button><!-- Accordion header --><div class="ot-acc-hdr"><div class="ot-plus-minus"><span></span><span></span></div><h4 class="ot-cat-header" id="ot-header-id-C0004">Galetes de personalització</h4><div class="ot-tgl"><input type="checkbox" name="ot-group-id-C0004" id="ot-group-id-C0004" role="switch" class="category-switch-handler" data-optanongroupid="C0004" aria-labelledby="ot-header-id-C0004"> <label class="ot-switch" for="ot-group-id-C0004"><span class="ot-switch-nob"></span> <span class="ot-label-txt">Galetes de personalització</span></label> </div></div><!-- accordion detail --><div class="ot-acc-grpcntr ot-acc-txt"><p class="ot-acc-grpdesc ot-category-desc" id="ot-desc-id-C0004">Aquestes galetes són les que els nostres socis publicitaris instal·len al nostre lloc web. Aquestes empreses poden fer servir les galetes per crear un perfil amb els vostres interessos i mostrar-vos anuncis rellevants en altres llocs web. Només identifiquen el vostre navegador i el vostre dispositiu. Si no accepteu aquestes galetes, no trobareu els nostres anuncis personalitzats en altres llocs web.</p><div class="ot-hlst-cntr"><button class="ot-link-btn category-host-list-handler" aria-label="Galetes de personalització - El botó Detalls de les galetes obre el menú Llista de galetes" data-parent-id="C0004">Informació sobre galetes‎</button></div></div></div><div class="ot-accordion-layout ot-cat-item ot-vs-config" data-optanongroupid="C0005"><button aria-expanded="false" ot-accordion="true" aria-controls="ot-desc-id-C0005" aria-labelledby="ot-header-id-C0005"></button><!-- Accordion header --><div class="ot-acc-hdr"><div class="ot-plus-minus"><span></span><span></span></div><h4 class="ot-cat-header" id="ot-header-id-C0005">Galetes de xarxes socials</h4><div class="ot-tgl"><input type="checkbox" name="ot-group-id-C0005" id="ot-group-id-C0005" role="switch" class="category-switch-handler" data-optanongroupid="C0005" aria-labelledby="ot-header-id-C0005"> <label class="ot-switch" for="ot-group-id-C0005"><span class="ot-switch-nob"></span> <span class="ot-label-txt">Galetes de xarxes socials</span></label> </div></div><!-- accordion detail --><div class="ot-acc-grpcntr ot-acc-txt"><p class="ot-acc-grpdesc ot-category-desc" id="ot-desc-id-C0005">Aquestes galetes han estat instal·lades per diversos serveis de xarxes socials que hem afegit al lloc web per permetre-us compartir continguts amb les vostres amistats. Poden localitzar el vostre navegador a través d'altres llocs web i crear un perfil dels vostres interessos. Això podria afectar els continguts i els missatges que veieu en altres llocs web que visiteu. Si desactiveu aquestes galetes, és possible que no pugueu fer servir o veure aquestes eines.</p><div class="ot-hlst-cntr"><button class="ot-link-btn category-host-list-handler" aria-label="Galetes de xarxes socials - El botó Detalls de les galetes obre el menú Llista de galetes" data-parent-id="C0005">Informació sobre galetes‎</button></div></div></div><!-- Groups sections starts --><!-- Group section ends --><!-- Accordion Group section starts --><!-- Accordion Group section ends --></section></div><section id="ot-pc-lst" class="ot-hide ot-hosts-ui ot-pc-scrollbar"><div id="ot-pc-hdr"><div id="ot-lst-title"><button class="ot-link-btn back-btn-handler" aria-label="Back"><svg id="ot-back-arw" xmlns="http://www.w3.org/2000/svg" xmlns:xlink="http://www.w3.org/1999/xlink" x="0px" y="0px" viewBox="0 0 444.531 444.531" xml:space="preserve"><title>Back Button</title><g><path fill="#656565" d="M213.13,222.409L351.88,83.653c7.05-7.043,10.567-15.657,10.567-25.841c0-10.183-3.518-18.793-10.567-25.835
                    l-21.409-21.416C323.432,3.521,314.817,0,304.637,0s-18.791,3.521-25.841,10.561L92.649,196.425
                    c-7.044,7.043-10.566,15.656-10.566,25.841s3.521,18.791,10.566,25.837l186.146,185.864c7.05,7.043,15.66,10.564,25.841,10.564
                    s18.795-3.521,25.834-10.564l21.409-21.412c7.05-7.039,10.567-15.604,10.567-25.697c0-10.085-3.518-18.746-10.567-25.978
                    L213.13,222.409z"></path></g></svg></button><h3>Llista de galetes</h3></div><div class="ot-lst-subhdr"><div class="ot-search-cntr"><p role="status" class="ot-scrn-rdr"></p><input id="vendor-search-handler" type="text" name="vendor-search-handler" placeholder="Buscar..." aria-label="Cerca de llistes de galetes"> <svg xmlns="http://www.w3.org/2000/svg" xmlns:xlink="http://www.w3.org/1999/xlink" x="0px" y="0px" viewBox="0 -30 110 110" aria-hidden="true"><title>Search Icon</title><path fill="#2e3644" d="M55.146,51.887L41.588,37.786c3.486-4.144,5.396-9.358,5.396-14.786c0-12.682-10.318-23-23-23s-23,10.318-23,23
            s10.318,23,23,23c4.761,0,9.298-1.436,13.177-4.162l13.661,14.208c0.571,0.593,1.339,0.92,2.162,0.92
            c0.779,0,1.518-0.297,2.079-0.837C56.255,54.982,56.293,53.08,55.146,51.887z M23.984,6c9.374,0,17,7.626,17,17s-7.626,17-17,17
            s-17-7.626-17-17S14.61,6,23.984,6z"></path></svg></div><div class="ot-fltr-cntr"><button id="filter-btn-handler" aria-label="Filter" aria-haspopup="true"><svg role="presentation" aria-hidden="true" xmlns="http://www.w3.org/2000/svg" xmlns:xlink="http://www.w3.org/1999/xlink" x="0px" y="0px" viewBox="0 0 402.577 402.577" xml:space="preserve"><title>Filter Icon</title><g><path fill="#fff" d="M400.858,11.427c-3.241-7.421-8.85-11.132-16.854-11.136H18.564c-7.993,0-13.61,3.715-16.846,11.136
      c-3.234,7.801-1.903,14.467,3.999,19.985l140.757,140.753v138.755c0,4.955,1.809,9.232,5.424,12.854l73.085,73.083
      c3.429,3.614,7.71,5.428,12.851,5.428c2.282,0,4.66-0.479,7.135-1.43c7.426-3.238,11.14-8.851,11.14-16.845V172.166L396.861,31.413
      C402.765,25.895,404.093,19.231,400.858,11.427z"></path></g></svg></button></div><div id="ot-anchor"></div><section id="ot-fltr-modal"><div id="ot-fltr-cnt"><button id="clear-filters-handler">Clear</button><div class="ot-fltr-scrlcnt ot-pc-scrollbar"><div class="ot-fltr-opts" role="list"><div class="ot-fltr-opt" role="listitem"><div class="ot-chkbox"><input id="chkbox-id" type="checkbox" class="category-filter-handler"> <label for="chkbox-id"><span class="ot-label-txt">checkbox label</span></label> <span class="ot-label-status">label</span></div></div></div><div class="ot-fltr-btns"><button id="filter-apply-handler">Apply</button> <button id="filter-cancel-handler">Cancel</button></div></div></div></section></div></div><section id="ot-lst-cnt" class="ot-host-cnt ot-pc-scrollbar"><div id="ot-sel-blk"><div class="ot-sel-all"><div class="ot-sel-all-hdr"><span class="ot-consent-hdr">Consent</span> <span class="ot-li-hdr">Leg.Interest</span></div><div class="ot-sel-all-chkbox"><div class="ot-chkbox" id="ot-selall-hostcntr"><input id="select-all-hosts-groups-handler" type="checkbox"> <label for="select-all-hosts-groups-handler"><span class="ot-label-txt">checkbox label</span></label> <span class="ot-label-status">label</span></div><div class="ot-chkbox" id="ot-selall-vencntr"><input id="select-all-vendor-groups-handler" type="checkbox"> <label for="select-all-vendor-groups-handler"><span class="ot-label-txt">checkbox label</span></label> <span class="ot-label-status">label</span></div><div class="ot-chkbox" id="ot-selall-licntr"><input id="select-all-vendor-leg-handler" type="checkbox"> <label for="select-all-vendor-leg-handler"><span class="ot-label-txt">checkbox label</span></label> <span class="ot-label-status">label</span></div></div></div></div><div class="ot-sdk-row"><div class="ot-sdk-column"><ul id="ot-host-lst"></ul></div></div></section></section><div class="ot-pc-footer ot-pc-scrollbar"><div class="ot-btn-container"><button class="ot-pc-refuse-all-handler" ot-button-order="1">Rebutjar tot</button> <button class="save-preference-btn-handler onetrust-close-btn-handler" ot-button-order="2">Confirmar la meva selecció</button></div><!-- Footer logo --><div class="ot-pc-footer-logo"><a href="https://www.onetrust.com/products/cookie-consent/" target="_blank" rel="noopener noreferrer" aria-label="Powered by OneTrust Obre en una pestanya nova"><img alt="Powered by Onetrust" src="https://cdn.cookielaw.org/logos/static/powered_by_logo.svg" title="Powered by OneTrust Obre en una pestanya nova"></a></div></div><!-- Cookie subgroup container --><!-- Vendor list link --><!-- Cookie lost link --><!-- Toggle HTML element --><!-- Checkbox HTML --><!-- plus minus--><!-- Arrow SVG element --><!-- Accordion basic element --><span class="ot-scrn-rdr" aria-atomic="true" aria-live="polite"></span><!-- Vendor Service container and item template --></div><iframe class="ot-text-resize" sandbox="allow-same-origin" title="onetrust-text-resize" style="position: absolute; top: -50000px; width: 100em;" aria-hidden="true"></iframe></div><div id="ot-sdk-btn-floating" class="ot-floating-button ot-hide" data-title="Configurar"><div class="ot-floating-button__front"><button type="button" class="ot-floating-button__open" aria-label="Configurar"><svg xmlns="http://www.w3.org/2000/svg"><path class="ot-floating-button__svg-fill" d="M14.588 0l.445.328c1.807 1.303 3.961 2.533 6.461 3.688 2.015.93 4.576 1.746 7.682 2.446 0 14.178-4.73 24.133-14.19 29.864l-.398.236C4.863 30.87 0 20.837 0 6.462c3.107-.7 5.668-1.516 7.682-2.446 2.709-1.251 5.01-2.59 6.906-4.016zm5.87 13.88a.75.75 0 00-.974.159l-5.475 6.625-3.005-2.997-.077-.067a.75.75 0 00-.983 1.13l4.172 4.16 6.525-7.895.06-.083a.75.75 0 00-.16-.973z" fill="#FFF" fill-rule="evenodd"></path></svg></button></div><div class="ot-floating-button__back"><button type="button" class="ot-floating-button__close" aria-label="Tanca les preferències" aria-hidden="true" style="display: none;"><!--?xml version="1.0" encoding="UTF-8"?--> <svg role="presentation" tabindex="-1" viewBox="0 0 24 24" version="1.1" xmlns="http://www.w3.org/2000/svg"><g id="Page-1" stroke="none" stroke-width="1" fill="none" fill-rule="evenodd"><g id="Banner_02" class="ot-floating-button__svg-fill" transform="translate(-318.000000, -725.000000)" fill="#292B2E" fill-rule="nonzero"><g id="Group-2" transform="translate(305.000000, 712.000000)"><g id="icon/16px/white/close"><polygon id="Line1" points="13.3333333 14.9176256 35.0823744 36.6666667 36.6666667 35.0823744 14.9176256 13.3333333"></polygon><polygon id="Line2" transform="translate(25.000000, 25.000000) scale(-1, 1) translate(-25.000000, -25.000000) " points="13.3333333 14.9176256 35.0823744 36.6666667 36.6666667 35.0823744 14.9176256 13.3333333"></polygon></g></g></g></g></svg></button></div></div></div>