<!DOCTYPE html><html><head>
        <meta charset="UTF-8">
<meta name="viewport" content="width=device-width, initial-scale=1.0, maximum-scale=1.0, user-scalable=no">
<meta name="format-detection" content="telephone=no">
<meta http-equiv="X-UA-Compatible" content="IE=edge">


    <meta name="robots" content="index, follow">



    <title>Caldos, cremas y purés en Condisline, tu supermercado online</title>



    <meta name="description" content="En la sección de Caldos, cremas y purés te ofrecemos una completa gama de productos al mejor precio. Compra en Condisline, tu supermercado online">



    <link rel="alternate" href="https://www.condisline.com/Alimentacion_Caldos-cremas-y-pures_c01_cat00260001_cat_es_ES.jsp" hreflang="es">



    <link rel="alternate" href="https://www.condisline.com/Alimentacio_Brou-cremes-i-pures_c01_cat00260001_cat_ca_ES.jsp" hreflang="ca">


<link rel="shortcut icon" href="//static.condisline.com/static-app/j2_233f/images/condisline.ico">

<link rel="stylesheet" href="//static.condisline.com/static-app/j2_233f/styles/interface.css">
<link rel="stylesheet" href="//static.condisline.com/static-app/j2_233f/styles/condis.css">
<link rel="stylesheet" href="//static.condisline.com/static-app/j2_233f/fonts/icomoon/style.css">

<script src="https://connect.facebook.net/es_ES/sdk.js?hash=4dc7cae4bbf8980541590e2aadfd2f99" async="" crossorigin="anonymous"></script><script id="facebook-jssdk" src="//connect.facebook.net/es_ES/sdk.js"></script><script async="" src="https://www.googletagmanager.com/gtm.js?id=GTM-K54HK82"></script><script type="text/javascript">
    window.dataLayer = window.dataLayer || [];
    var staticUrl = '//static.condisline.com/static-app/j2_233f';
    var addressGoogleService = 'true';
    var strandsEnabled = 'false';
    var pleasePluginEnabled = 'true';
    var googleServiceKey = 'AIzaSyBeqqxvGqGcP0cwdSA2_o6Hfffn-iOUUBQ';
    var sfChatId1 = '5721r0000008g9T';
    var sfChatId2 = '00D1r000000sfpu';
    var store_context_root =  '';
    var empathy_url = 'https://api.empathy.co/';
    var empathy_suggestions_url = 'search/v1/query/condis/empathize?';
    var empathy_next_queries_url = 'nextqueries/condis?';
    var empathy_related_tags_url = 'relatedtags/condis?';
    var empathy_top_clicked_url = 'search/v1/query/condis/topclicked?';
    var empathy_sku_search_url = 'search/v1/query/skusearch?';
    var empathy_search_url = 'search/v1/query/search?';
    var empathy_mobileOrDesktop =  'desktop';
    var environment = 'pro';

</script>

<script>(function(w,d,s,l,i){w[l]=w[l]||[];w[l].push({'gtm.start':
new Date().getTime(),event:'gtm.js'});var f=d.getElementsByTagName(s)[0],
j=d.createElement(s),dl=l!='dataLayer'?'&l='+l:'';j.async=true;j.src=
'https://www.googletagmanager.com/gtm.js?id='+i+dl;f.parentNode.insertBefore(j,f);
})(window,document,'script','dataLayer','GTM-K54HK82');
</script>

<script type="text/javascript" src="//static.condisline.com/static-app/j2_233f/js/jquery.min.js"></script>
<script type="text/javascript" src="//static.condisline.com/static-app/j2_233f/js/jquery.lazyload.js"></script>
<script type="text/javascript" src="//static.condisline.com/static-app/j2_233f/js/jquery-ui.min.js"></script>
<script type="text/javascript" src="//static.condisline.com/static-app/j2_233f/js/jquery.imageLens.js"></script>
<script type="text/javascript" src="//static.condisline.com/static-app/j2_233f/js/jquery.typewatch.js"></script>
<script type="text/javascript" src="//static.condisline.com/static-app/j2_233f/js/common.js"></script>
<script type="text/javascript" src="//static.condisline.com/static-app/j2_233f/js/index.js"></script>
<script type="text/javascript" src="//static.condisline.com/static-app/j2_233f/js/utils.js"></script>
<script type="text/javascript" src="//static.condisline.com/static-app/j2_233f/js/condis.js"></script>
<script type="text/javascript" src="//static.condisline.com/static-app/j2_233f/js/handlebars-v3.0.3.js"></script>
<script type="text/javascript" src="//static.condisline.com/static-app/j2_233f/js/environment-pro.js"></script>
<script type="text/javascript" src="//static.condisline.com/static-app/j2_233f/js/commerce_rest-v.0.1.js"></script>
<script type="text/javascript" src="//static.condisline.com/static-app/j2_233f/js/supportStore.js"></script>
<script type="text/javascript" src="//static.condisline.com/static-app/j2_233f/js/validator.js"></script>
<script type="text/javascript" src="//static.condisline.com/static-app/j2_233f/js/jquery.cookie.js"></script>
<script type="text/javascript" src="//static.condisline.com/static-app/j2_233f/js/product-list.js"></script>
<script type="text/javascript" src="https://maps.googleapis.com/maps/api/js?key=AIzaSyBeqqxvGqGcP0cwdSA2_o6Hfffn-iOUUBQ&amp;libraries=geometry"></script>

<script type="module" src="https://platform.pleasepoint.com/pleasepoint-widgets/index.js"></script>


<script type="text/javascript" src="https://c.la1-c1cs-par.salesforceliveagent.com/content/g/js/42.0/deployment.js"></script>
<script type="text/javascript">
liveagent.init('https://d.la1-c2-par.salesforceliveagent.com/chat', '5721r0000008g9T', '00D1r000000sfpu');
//liveagent.init('https://d.la1-c1cs-par.salesforceliveagent.com/chat', '5720E00000000EX', '00D0E00000017bO');
</script>

<script>
    var templateName = 'mobile/category/categoryTemplate';
    var locale = 'es_ES';
    var catalogId = 'SVC';
    var localeSearch = locale.substring(0,2);
</script>

<!--[if lt IE 9]>
    <script src="//static.condisline.com/static-app/j2_233f/js/html5shiv.min.js"></script>
<![endif]-->


        <link rel="stylesheet" href="//static.condisline.com/static-app/j2_233f/styles/product-list.css">
    <link rel="stylesheet" href="//static.condisline.com/static-app/j2_233f/styles/purchasing-process-step-1.css"><style type="text/css" data-fbcssmodules="css:fb.css.base css:fb.css.dialog css:fb.css.iframewidget">.fb_hidden{position:absolute;top:-10000px;z-index:10001}.fb_reposition{overflow:hidden;position:relative}.fb_invisible{display:none}.fb_reset{background:none;border:0px;border-spacing:0;color:#000;cursor:auto;direction:ltr;font-family:'lucida grande', tahoma, verdana, arial, sans-serif;font-size:11px;font-style:normal;font-variant:normal;font-weight:normal;letter-spacing:normal;line-height:1;margin:0;overflow:visible;padding:0;text-align:left;text-decoration:none;text-indent:0;text-shadow:none;text-transform:none;visibility:visible;white-space:normal;word-spacing:normal}.fb_reset>div{overflow:hidden}@keyframes fb_transform{from{opacity:0;transform:scale(.95)}to{opacity:1;transform:scale(1)}}.fb_animate{animation:fb_transform .3s forwards}
.fb_hidden{position:absolute;top:-10000px;z-index:10001}.fb_reposition{overflow:hidden;position:relative}.fb_invisible{display:none}.fb_reset{background:none;border:0px;border-spacing:0;color:#000;cursor:auto;direction:ltr;font-family:'lucida grande', tahoma, verdana, arial, sans-serif;font-size:11px;font-style:normal;font-variant:normal;font-weight:normal;letter-spacing:normal;line-height:1;margin:0;overflow:visible;padding:0;text-align:left;text-decoration:none;text-indent:0;text-shadow:none;text-transform:none;visibility:visible;white-space:normal;word-spacing:normal}.fb_reset>div{overflow:hidden}@keyframes fb_transform{from{opacity:0;transform:scale(.95)}to{opacity:1;transform:scale(1)}}.fb_animate{animation:fb_transform .3s forwards}
.fb_dialog{background:rgba(82,82,82,.7);position:absolute;top:-10000px;z-index:10001}.fb_dialog_advanced{border-radius:8px;padding:10px}.fb_dialog_content{background:#fff;color:#373737}.fb_dialog_close_icon{background:url(https://connect.facebook.net/rsrc.php/v4/yq/r/IE9JII6Z1Ys.png) no-repeat scroll 0 0 transparent;cursor:pointer;display:block;height:15px;position:absolute;right:18px;top:17px;width:15px}.fb_dialog_mobile .fb_dialog_close_icon{left:5px;right:auto;top:5px}.fb_dialog_padding{background-color:transparent;position:absolute;width:1px;z-index:-1}.fb_dialog_close_icon:hover{background:url(https://connect.facebook.net/rsrc.php/v4/yq/r/IE9JII6Z1Ys.png) no-repeat scroll 0 -15px transparent}.fb_dialog_close_icon:active{background:url(https://connect.facebook.net/rsrc.php/v4/yq/r/IE9JII6Z1Ys.png) no-repeat scroll 0 -30px transparent}.fb_dialog_iframe{line-height:0}.fb_dialog_content .dialog_title{background:#6d84b4;border:1px solid #365899;color:#fff;font-size:14px;font-weight:bold;margin:0}.fb_dialog_content .dialog_title>span{background:url(https://connect.facebook.net/rsrc.php/v4/yd/r/Cou7n-nqK52.gif) no-repeat 5px 50%;float:left;padding:5px 0 7px 26px}body.fb_hidden{height:100%;left:0px;margin:0px;overflow:visible;position:absolute;top:-10000px;transform:none;width:100%}.fb_dialog.fb_dialog_mobile.loading{background:url(https://connect.facebook.net/rsrc.php/v4/ya/r/3rhSv5V8j3o.gif) white no-repeat 50% 50%;min-height:100%;min-width:100%;overflow:hidden;position:absolute;top:0;z-index:10001}.fb_dialog.fb_dialog_mobile.loading.centered{background:none;height:auto;min-height:initial;min-width:initial;width:auto}.fb_dialog.fb_dialog_mobile.loading.centered #fb_dialog_loader_spinner{width:100%}.fb_dialog.fb_dialog_mobile.loading.centered .fb_dialog_content{background:none}.loading.centered #fb_dialog_loader_close{clear:both;color:white;display:block;font-size:18px;padding-top:20px}#fb-root #fb_dialog_ipad_overlay{background:rgba(0,0,0,.4);bottom:0;left:0;min-height:100%;position:absolute;right:0;top:0;width:100%;z-index:10000}#fb-root #fb_dialog_ipad_overlay.hidden{display:none}.fb_dialog.fb_dialog_mobile.loading iframe{visibility:hidden}.fb_dialog_mobile .fb_dialog_iframe{position:sticky;top:0}.fb_dialog_content .dialog_header{background:linear-gradient(from(#738aba), to(#2c4987));border-bottom:1px solid;border-color:#043b87;box-shadow:white 0px 1px 1px -1px inset;color:#fff;font:bold 14px Helvetica, sans-serif;text-overflow:ellipsis;text-shadow:rgba(0,30,84,.296875) 0px -1px 0px;vertical-align:middle;white-space:nowrap}.fb_dialog_content .dialog_header table{height:43px;width:100%}.fb_dialog_content .dialog_header td.header_left{font-size:12px;padding-left:5px;vertical-align:middle;width:60px}.fb_dialog_content .dialog_header td.header_right{font-size:12px;padding-right:5px;vertical-align:middle;width:60px}.fb_dialog_content .touchable_button{background:linear-gradient(from(#4267b2), to(#2a4887));background-clip:padding-box;border:1px solid #29487d;border-radius:3px;display:inline-block;line-height:18px;margin-top:3px;max-width:85px;padding:4px 12px;position:relative}.fb_dialog_content .dialog_header .touchable_button input{background:none;border:none;color:white;font:bold 12px Helvetica, sans-serif;margin:2px -12px;padding:2px 6px 3px 6px;text-shadow:rgba(0,30,84,.296875) 0px -1px 0px}.fb_dialog_content .dialog_header .header_center{color:#fff;font-size:16px;font-weight:bold;line-height:18px;text-align:center;vertical-align:middle}.fb_dialog_content .dialog_content{background:url(https://connect.facebook.net/rsrc.php/v4/y9/r/jKEcVPZFk-2.gif) no-repeat 50% 50%;border:1px solid #4a4a4a;border-bottom:0;border-top:0;height:150px}.fb_dialog_content .dialog_footer{background:#f5f6f7;border:1px solid #4a4a4a;border-top-color:#ccc;height:40px}#fb_dialog_loader_close{float:left}.fb_dialog.fb_dialog_mobile .fb_dialog_close_icon{visibility:hidden}#fb_dialog_loader_spinner{animation:rotateSpinner 1.2s linear infinite;background-color:transparent;background-image:url(https://connect.facebook.net/rsrc.php/v4/yD/r/t-wz8gw1xG1.png);background-position:50% 50%;background-repeat:no-repeat;height:24px;width:24px}@keyframes rotateSpinner{0%{transform:rotate(0deg)}100%{transform:rotate(360deg)}}
.fb_iframe_widget{display:inline-block;position:relative}.fb_iframe_widget span{display:inline-block;position:relative;text-align:justify}.fb_iframe_widget iframe{position:absolute}.fb_iframe_widget_fluid_desktop,.fb_iframe_widget_fluid_desktop span,.fb_iframe_widget_fluid_desktop iframe{max-width:100%}.fb_iframe_widget_fluid_desktop iframe{min-width:220px;position:relative}.fb_iframe_widget_lift{z-index:1}.fb_iframe_widget_fluid{display:inline}.fb_iframe_widget_fluid span{width:100%}</style></head>
    <body>

            <noscript><iframe src="https://www.googletagmanager.com/ns.html?id=GTM-K54HK82"
height="0" width="0" style="display:none;visibility:hidden"></iframe></noscript>

<header id="header_container" class="header_container">


            <div id="mainHeader" class="content_container">
                <div class="logo_container">

                    <a class="logo_link" title="Condisline" href="/">
                        <img class="logo_image" alt="Logotipo de Condisline" src="//static.condisline.com/static-app/j2_233f/images/logo-condisline.png" width="247">
                    </a>



                    <div class="site_container">

                        <div class="province_container" onclick="dataLayer.push({event:'event_gtm', category:'experiencia usuario', action:'cambio surtido'});">

                                    
                                        
                                            <span class="province" title="Establece el surtido de la web dependiendo de la Zona seleccionada Catalunya">Zona <span class="bold">Catalunya</span></span>
                                        
                                    
                                    <a class="province" title="Establece el surtido de la web dependiendo de la Zona seleccionada " href="https://www.condisline.ad" target="_blank">Zona <span class="bold">Andorra</span></a>
                        </div>

                        <div class="language_container" onclick="dataLayer.push({event:'event_gtm', category:'experiencia usuario', action:'cambio idioma'});">
                            
                                
                                    <span class="language" title="Cambiar a idioma Castellano" href="javascript:selectLang('es_ES');"><span class="text">idioma </span><span class="bold">Castellano</span></span>
                                
                            
                                
                                    <a class="language" title="Cambiar a idioma Català" href="javascript:selectLang('ca_ES');"><span class="text">idioma </span><span class="bold">Català</span></a>
                                
                            
                        </div>
                    </div>

                </div>


                <div id="search_form" class="search_container">
                    <label class="label_container">
                        <input id="term" type="search" name="term" autocomplete="off" maxlength="50" placeholder="Buscar productos">
                        <input type="hidden" id="source" name="source" value="directSearch">
                        <a id="search_button" class="search_button disabled" title="Buscar" onclick="javascript:directSearchButton()">&gt;</a>
                        <div id="searchingResults" class="ui-autocomplete">
                            <div id="suggestions" class="suggestions-class" style="display: none;"></div>
                            <div id="nextQueries" class="nextQueries-class" style="display: none;"></div>
                            <div id="relatedtags" class="relatedtags-class" style="display: none;"></div>
                        </div>
                    </label>
                </div>


                    <a class="cart_button" title="Ver mi carrito de la compra" href="/shoppingcart">
                        <div id="seccionCartSummaryHeadInfo">
    <span class="products_number">0</span>
    <div class="price_container">
        <span class="price"><span id="total_price_">0,00</span><span class="currency">€</span></span>
        <span class="cart_text">ver carrito</span>
     </div>

</div>
                    </a>

                    
<div id="unlogged_frame" style="display: block;">
    <a class="user_button" title="Ir a mi cuenta" href="javascript:showLogin();"><span id="login_name" title="Ir a mi cuenta" href="javascript:showLogin();">Mi cuenta</span></a>
</div>


<div id="logged_frame" style="display:none" class="user_button logged">
    <span id="logged_name"></span>
    <div class="user_options">
        <a class="user_option" title="Ir a mi cuenta" href="javascript:privateArea();">Ir a mi cuenta</a>
        <a class="user_option" title="Salir" href="javascript:sendLogout();">Salir</a>
    </div>
</div>


<div class="disponibility_container">
    <a id="disponibility_button" class="disponibility_button" title="Comprueba si tienes servicio" href="javascript:void(0);">Comprueba si tienes servicio<span></span></a>
    <div class="disponibility_content check_cp">
        <label class="disponibility_label">
            <input id="check_disponibility" type="text" maxlength="5" autocomplete="off">
            <span class="placeholder">Indica tu C.P.</span>
        </label>
        <a class="check_disponibility" title="Comprobar" href="javascript:checkServiceAvailability('SVC');" onclick="dataLayer.push({event:'event_gtm', category: 'experiencia usuario',action:'comprobar cobertura', label: $('#check_disponibility').val()});">COMPROBAR</a>
    </div>
    <div class="disponibility_content msg_cp">
        <p id="disponibility_ok" class="disponibility_text" style="display:none"><span>¡PERFECTO!</span>Tenemos servicio para la zona indicada</p>
        <p id="disponibility_ko" class="disponibility_text" style="display:none"><span>¡SERVICIO NO DISPONIBLE!</span>No tenemos servicio para la zona indicada</p>
    </div>
</div>



                <nav class="nav_container">
                    <ul class="menu_container">
                        <li id="quick_list_container" class="need_link_container">

                            <p class="need_link">¿Qué necesitas?</p>

                            <div id="notebook_container" class="notebook_container show" onclick="setTimeout(saveQuicklistState, 500)" style="display: none;"><div class="notebook">
    <div class="notebook_rings"></div>

    
        <p class="text_list">Escribe los productos que necesitas y compra más rápido. Por ejemplo:</p>
        <label class="list_container">
            <textarea id="quickListContent" class="list" onblur="javascript:setQuickList(this)"></textarea>
            <span id="quicklistPlaceHolder" class="placeholder">Sal<br>Paté<br>Cava</span>
        </label>
        <a class="orange_button" title="Buscar productos" href="javascript:void(0);" onclick="searchQuickList();">BUSCAR PRODUCTOS&nbsp;&nbsp;&gt;</a>

        <a class="white_button" title="Mis listas" href="javaScript: void(0);" onclick="javascript:initMiListasFromAsistente();dataLayer.push({event:'event_gtm', category:'acciones usuario', action:'ver mis listas'});">Mis listas</a>
    
</div>

</div>

                        </li>

                        
                            <li class="menu_link_container c01">
                                <span class="menu_link"><a title="Desplegar sección Alimentación" href="javascript:void(0);">Alimentación</a></span>
                                

                                    <div id="c01" name="c01" class="submenu">
                                        <ul class="submenu_container">
                                                    
                                                        

                                                            <li class="submenu_link_container">
                                                                <a class="submenu_link" title="Ir a sección Aceite y vinagre" href="/Alimentacion_Aceite-y-vinagre_c01_cat00020001_cat_es_ES.jsp">Aceite y vinagre</a>
                                                            </li>
                                                        

                                                            <li class="submenu_link_container">
                                                                <a class="submenu_link" title="Ir a sección Sal, salsas y especias" href="/Alimentacion_Sal-salsas-y-especias_c01_cat00020004_cat_es_ES.jsp">Sal, salsas y especias</a>
                                                            </li>
                                                        

                                                            <li class="submenu_link_container">
                                                                <a class="submenu_link" title="Ir a sección Arroz, pasta y legumbres secas" href="/Alimentacion_Arroz-pasta-y-legumbres-secas_c01_cat00090001_cat_es_ES.jsp">Arroz, pasta y legumbres secas</a>
                                                            </li>
                                                        

                                                            <li class="submenu_link_container">
                                                                <a class="submenu_link" title="Ir a sección Panes, harinas y masas" href="/Alimentacion_Panes-harinas-y-masas_c01_cat00190004_cat_es_ES.jsp">Panes, harinas y masas</a>
                                                            </li>
                                                        

                                                            <li class="submenu_link_container">
                                                                <a class="submenu_link" title="Ir a sección Caldos, cremas y purés" href="/Alimentacion_Caldos-cremas-y-pures_c01_cat00260001_cat_es_ES.jsp">Caldos, cremas y purés</a>
                                                            </li>
                                                        

                                                            <li class="submenu_link_container">
                                                                <a class="submenu_link" title="Ir a sección Patatas fritas y snacks" href="/Alimentacion_Patatas-fritas-y-snacks_c01_cat00050006_cat_es_ES.jsp">Patatas fritas y snacks</a>
                                                            </li>
                                                        

                                                            <li class="submenu_link_container">
                                                                <a class="submenu_link" title="Ir a sección Aceitunas y encurtidos" href="/Alimentacion_Aceitunas-y-encurtidos_c01_cat00050001_cat_es_ES.jsp">Aceitunas y encurtidos</a>
                                                            </li>
                                                        

                                                            <li class="submenu_link_container">
                                                                <a class="submenu_link" title="Ir a sección Frutos secos y deshidratados" href="/Alimentacion_Frutos-secos-y-deshidratados_c01_cat00050004_cat_es_ES.jsp">Frutos secos y deshidratados</a>
                                                            </li>
                                                        

                                                            <li class="submenu_link_container">
                                                                <a class="submenu_link" title="Ir a sección Conservas vegetales" href="/Alimentacion_Conservas-vegetales_c01_cat00130003_cat_es_ES.jsp">Conservas vegetales</a>
                                                            </li>
                                                        

                                                            <li class="submenu_link_container">
                                                                <a class="submenu_link" title="Ir a sección Conservas de carne" href="/Alimentacion_Conservas-de-carne_c01_cat00130001_cat_es_ES.jsp">Conservas de carne</a>
                                                            </li>
                                                        

                                                            <li class="submenu_link_container">
                                                                <a class="submenu_link" title="Ir a sección Conservas de pescado y marisco" href="/Alimentacion_Conservas-de-pescado-y-marisco_c01_cat00130002_cat_es_ES.jsp">Conservas de pescado y marisco</a>
                                                            </li>
                                                        

                                                            <li class="submenu_link_container">
                                                                <a class="submenu_link" title="Ir a sección Platos preparados" href="/Alimentacion_Platos-preparados_c01_cat00130008_cat_es_ES.jsp">Platos preparados</a>
                                                            </li>
                                                        

                                                            <li class="submenu_link_container">
                                                                <a class="submenu_link" title="Ir a sección Conservas de fruta" href="/Alimentacion_Conservas-de-fruta_c01_cat00130004_cat_es_ES.jsp">Conservas de fruta</a>
                                                            </li>
                                                        

                                                            <li class="submenu_link_container">
                                                                <a class="submenu_link" title="Ir a sección Dietéticos" href="/Alimentacion_Dieteticos_c01_cat00030001_cat_es_ES.jsp">Dietéticos</a>
                                                            </li>
                                                        
                                                
                                        </ul>

                                    

                                    </div>


                                
                            </li>
                        
                            <li class="menu_link_container c02">
                                <span class="menu_link"><a title="Desplegar sección Mundo placer" href="javascript:void(0);">Mundo placer</a></span>
                                

                                    <div id="c02" name="c02" class="submenu">
                                        <ul class="submenu_container">
                                                    
                                                        

                                                            <li class="submenu_link_container">
                                                                <a class="submenu_link" title="Ir a sección Chocolatinas y snacks" href="/Mundo-placer_Chocolatinas-y-snacks_c02_cat00110003_cat_es_ES.jsp">Chocolatinas y snacks</a>
                                                            </li>
                                                        

                                                            <li class="submenu_link_container">
                                                                <a class="submenu_link" title="Ir a sección Chocolates y bombones" href="/Mundo-placer_Chocolates-y-bombones_c02_cat00110002_cat_es_ES.jsp">Chocolates y bombones</a>
                                                            </li>
                                                        

                                                            <li class="submenu_link_container">
                                                                <a class="submenu_link" title="Ir a sección Cacao y cereales solubles" href="/Mundo-placer_Cacao-y-cereales-solubles_c02_cat00070002_cat_es_ES.jsp">Cacao y cereales solubles</a>
                                                            </li>
                                                        

                                                            <li class="submenu_link_container">
                                                                <a class="submenu_link" title="Ir a sección Café, té e infusiones" href="/Mundo-placer_Cafe-te-e-infusiones_c02_cat00070004_cat_es_ES.jsp">Café, té e infusiones</a>
                                                            </li>
                                                        

                                                            <li class="submenu_link_container">
                                                                <a class="submenu_link" title="Ir a sección Galletas" href="/Mundo-placer_Galletas_c02_cat00090003_cat_es_ES.jsp">Galletas</a>
                                                            </li>
                                                        

                                                            <li class="submenu_link_container">
                                                                <a class="submenu_link" title="Ir a sección Azúcar y edulcorantes" href="/Mundo-placer_Azucar-y-edulcorantes_c02_cat00170001_cat_es_ES.jsp">Azúcar y edulcorantes</a>
                                                            </li>
                                                        

                                                            <li class="submenu_link_container">
                                                                <a class="submenu_link" title="Ir a sección Postres y decoración" href="/Mundo-placer_Postres-y-decoracion_c02_cat00170006_cat_es_ES.jsp">Postres y decoración</a>
                                                            </li>
                                                        

                                                            <li class="submenu_link_container">
                                                                <a class="submenu_link" title="Ir a sección Caramelos y golosinas" href="/Mundo-placer_Caramelos-y-golosinas_c02_cat00170002_cat_es_ES.jsp">Caramelos y golosinas</a>
                                                            </li>
                                                        

                                                            <li class="submenu_link_container">
                                                                <a class="submenu_link" title="Ir a sección Pastelería y bollería" href="/Mundo-placer_Pasteleria-y-bolleria_c02_cat00170005_cat_es_ES.jsp">Pastelería y bollería</a>
                                                            </li>
                                                        

                                                            <li class="submenu_link_container">
                                                                <a class="submenu_link" title="Ir a sección Turrones y pastelería de navidad" href="/Mundo-placer_Turrones-y-pasteleria-de-navidad_c02_cat00170004_cat_es_ES.jsp">Turrones y pastelería de navidad</a>
                                                            </li>
                                                        

                                                            <li class="submenu_link_container">
                                                                <a class="submenu_link" title="Ir a sección Mermeladas y miel" href="/Mundo-placer_Mermeladas-y-miel_c02_cat00130005_cat_es_ES.jsp">Mermeladas y miel</a>
                                                            </li>
                                                        

                                                            <li class="submenu_link_container">
                                                                <a class="submenu_link" title="Ir a sección Cereales y barritas" href="/Mundo-placer_Cereales-y-barritas_c02_cat00090002_cat_es_ES.jsp">Cereales y barritas</a>
                                                            </li>
                                                        
                                                
                                        </ul>

                                    

                                    </div>


                                
                            </li>
                        
                            <li class="menu_link_container c03">
                                <span class="menu_link"><a title="Desplegar sección Frescos" href="javascript:void(0);">Frescos</a></span>
                                

                                    <div id="c03" name="c03" class="submenu">
                                        <ul class="submenu_container">
                                                    
                                                        

                                                            <li class="submenu_link_container">
                                                                <a class="submenu_link" title="Ir a sección Frutas" href="/Frescos_Frutas_c03_cat00150001_cat_es_ES.jsp">Frutas</a>
                                                            </li>
                                                        

                                                            <li class="submenu_link_container">
                                                                <a class="submenu_link" title="Ir a sección Verduras y hortalizas" href="/Frescos_Verduras-y-hortalizas_c03_cat00150002_cat_es_ES.jsp">Verduras y hortalizas</a>
                                                            </li>
                                                        

                                                            <li class="submenu_link_container">
                                                                <a class="submenu_link" title="Ir a sección Pescado y marisco" href="/Frescos_Pescado-y-marisco_c03_cat00290001_cat_es_ES.jsp">Pescado y marisco</a>
                                                            </li>
                                                        

                                                            <li class="submenu_link_container">
                                                                <a class="submenu_link" title="Ir a sección Aves y conejo" href="/Frescos_Aves-y-conejo_c03_cat00080001_cat_es_ES.jsp">Aves y conejo</a>
                                                            </li>
                                                        

                                                            <li class="submenu_link_container">
                                                                <a class="submenu_link" title="Ir a sección Cerdo" href="/Frescos_Cerdo_c03_cat00080002_cat_es_ES.jsp">Cerdo</a>
                                                            </li>
                                                        

                                                            <li class="submenu_link_container">
                                                                <a class="submenu_link" title="Ir a sección Vacuno y potro" href="/Frescos_Vacuno-y-potro_c03_cat00080005_cat_es_ES.jsp">Vacuno y potro</a>
                                                            </li>
                                                        

                                                            <li class="submenu_link_container">
                                                                <a class="submenu_link" title="Ir a sección Cordero y cabrito" href="/Frescos_Cordero-y-cabrito_c03_cat00080003_cat_es_ES.jsp">Cordero y cabrito</a>
                                                            </li>
                                                        

                                                            <li class="submenu_link_container">
                                                                <a class="submenu_link" title="Ir a sección Huevos" href="/Frescos_Huevos_c03_cat00080004_cat_es_ES.jsp">Huevos</a>
                                                            </li>
                                                        

                                                            <li class="submenu_link_container">
                                                                <a class="submenu_link" title="Ir a sección Charcutería" href="/Frescos_Charcuteria_c03_cat00100002_cat_es_ES.jsp">Charcutería</a>
                                                            </li>
                                                        

                                                            <li class="submenu_link_container">
                                                                <a class="submenu_link" title="Ir a sección Quesos" href="/Frescos_Quesos_c03_cat00230001_cat_es_ES.jsp">Quesos</a>
                                                            </li>
                                                        

                                                            <li class="submenu_link_container">
                                                                <a class="submenu_link" title="Ir a sección Ahumados y salazones" href="/Frescos_Ahumados-y-salazones_c03_cat00210010_cat_es_ES.jsp">Ahumados y salazones</a>
                                                            </li>
                                                        
                                                
                                        </ul>

                                    

                                    </div>


                                
                            </li>
                        
                            <li class="menu_link_container c04">
                                <span class="menu_link"><a title="Desplegar sección Refrigerados" href="javascript:void(0);">Refrigerados</a></span>
                                

                                    <div id="c04" name="c04" class="submenu">
                                        <ul class="submenu_container">
                                                    
                                                        

                                                            <li class="submenu_link_container">
                                                                <a class="submenu_link" title="Ir a sección Yogures" href="/Refrigerados_Yogures_c04_cat00210012_cat_es_ES.jsp">Yogures</a>
                                                            </li>
                                                        

                                                            <li class="submenu_link_container">
                                                                <a class="submenu_link" title="Ir a sección Postres y nata" href="/Refrigerados_Postres-y-nata_c04_cat00210009_cat_es_ES.jsp">Postres y nata</a>
                                                            </li>
                                                        

                                                            <li class="submenu_link_container">
                                                                <a class="submenu_link" title="Ir a sección Mantequillas y margarina" href="/Refrigerados_Mantequillas-y-margarina_c04_cat00210006_cat_es_ES.jsp">Mantequillas y margarina</a>
                                                            </li>
                                                        

                                                            <li class="submenu_link_container">
                                                                <a class="submenu_link" title="Ir a sección Bebida Vegetal, batidos y horchata" href="/Refrigerados_Bebida-Vegetal-batidos-y-horchata_c04_cat00210002_cat_es_ES.jsp">Bebida Vegetal, batidos y horchata</a>
                                                            </li>
                                                        

                                                            <li class="submenu_link_container">
                                                                <a class="submenu_link" title="Ir a sección Pasta y salsa fresca" href="/Refrigerados_Pasta-y-salsa-fresca_c04_cat00240005_cat_es_ES.jsp">Pasta y salsa fresca</a>
                                                            </li>
                                                        

                                                            <li class="submenu_link_container">
                                                                <a class="submenu_link" title="Ir a sección Pizzas frescas" href="/Refrigerados_Pizzas-frescas_c04_cat00240006_cat_es_ES.jsp">Pizzas frescas</a>
                                                            </li>
                                                        

                                                            <li class="submenu_link_container">
                                                                <a class="submenu_link" title="Ir a sección Platos preparados refrigerados" href="/Refrigerados_Platos-preparados-refrigerados_c04_cat119009_cat_es_ES.jsp">Platos preparados refrigerados</a>
                                                            </li>
                                                        
                                                
                                        </ul>

                                    

                                    </div>


                                
                            </li>
                        
                            <li class="menu_link_container c05">
                                <span class="menu_link"><a title="Desplegar sección Congelados" href="javascript:void(0);">Congelados</a></span>
                                

                                    <div id="c05" name="c05" class="submenu">
                                        <ul class="submenu_container">
                                                    
                                                        

                                                            <li class="submenu_link_container">
                                                                <a class="submenu_link" title="Ir a sección Verdura congelada" href="/Congelados_Verdura-congelada_c05_cat00120007_cat_es_ES.jsp">Verdura congelada</a>
                                                            </li>
                                                        

                                                            <li class="submenu_link_container">
                                                                <a class="submenu_link" title="Ir a sección Pescado congelado" href="/Congelados_Pescado-congelado_c05_cat00120002_cat_es_ES.jsp">Pescado congelado</a>
                                                            </li>
                                                        

                                                            <li class="submenu_link_container">
                                                                <a class="submenu_link" title="Ir a sección Platos preparados congelados" href="/Congelados_Platos-preparados-congelados_c05_cat00120005_cat_es_ES.jsp">Platos preparados congelados</a>
                                                            </li>
                                                        

                                                            <li class="submenu_link_container">
                                                                <a class="submenu_link" title="Ir a sección Pizzas congeladas y masas" href="/Congelados_Pizzas-congeladas-y-masas_c05_cat00120003_cat_es_ES.jsp">Pizzas congeladas y masas</a>
                                                            </li>
                                                        

                                                            <li class="submenu_link_container">
                                                                <a class="submenu_link" title="Ir a sección Panadería y pastelería congelada" href="/Congelados_Panaderia-y-pasteleria-congelada_c05_cat00120006_cat_es_ES.jsp">Panadería y pastelería congelada</a>
                                                            </li>
                                                        

                                                            <li class="submenu_link_container">
                                                                <a class="submenu_link" title="Ir a sección Helados" href="/Congelados_Helados_c05_cat00120001_cat_es_ES.jsp">Helados</a>
                                                            </li>
                                                        

                                                            <li class="submenu_link_container">
                                                                <a class="submenu_link" title="Ir a sección Hielo y otros congelados" href="/Congelados_Hielo-y-otros-congelados_c05_cat00120004_cat_es_ES.jsp">Hielo y otros congelados</a>
                                                            </li>
                                                        
                                                
                                        </ul>

                                    

                                    </div>


                                
                            </li>
                        
                            <li class="menu_link_container c06">
                                <span class="menu_link"><a title="Desplegar sección Bodega" href="javascript:void(0);">Bodega</a></span>
                                

                                    <div id="c06" name="c06" class="submenu">
                                        <ul class="submenu_container">
                                                    
                                                        

                                                            <li class="submenu_link_container">
                                                                <a class="submenu_link" title="Ir a sección Vinos tintos" href="/Bodega_Vinos-tintos_c06_cat00220005_cat_es_ES.jsp">Vinos tintos</a>
                                                            </li>
                                                        

                                                            <li class="submenu_link_container">
                                                                <a class="submenu_link" title="Ir a sección Vinos blancos" href="/Bodega_Vinos-blancos_c06_cat00220004_cat_es_ES.jsp">Vinos blancos</a>
                                                            </li>
                                                        

                                                            <li class="submenu_link_container">
                                                                <a class="submenu_link" title="Ir a sección Vinos rosados" href="/Bodega_Vinos-rosados_c06_cat00270002_cat_es_ES.jsp">Vinos rosados</a>
                                                            </li>
                                                        

                                                            <li class="submenu_link_container">
                                                                <a class="submenu_link" title="Ir a sección Finos, moscateles y vermuts" href="/Bodega_Finos-moscateles-y-vermuts_c06_cat00270003_cat_es_ES.jsp">Finos, moscateles y vermuts</a>
                                                            </li>
                                                        

                                                            <li class="submenu_link_container">
                                                                <a class="submenu_link" title="Ir a sección Vino de mesa y sangrías" href="/Bodega_Vino-de-mesa-y-sangrias_c06_cat00050009_cat_es_ES.jsp">Vino de mesa y sangrías</a>
                                                            </li>
                                                        

                                                            <li class="submenu_link_container">
                                                                <a class="submenu_link" title="Ir a sección Cava, champán y sidra" href="/Bodega_Cava-champan-y-sidra_c06_cat00220001_cat_es_ES.jsp">Cava, champán y sidra</a>
                                                            </li>
                                                        

                                                            <li class="submenu_link_container">
                                                                <a class="submenu_link" title="Ir a sección Licores" href="/Bodega_Licores_c06_cat00220002_cat_es_ES.jsp">Licores</a>
                                                            </li>
                                                        
                                                
                                        </ul>

                                    

                                    </div>


                                
                            </li>
                        
                            <li class="menu_link_container c07">
                                <span class="menu_link"><a title="Desplegar sección Bebidas" href="javascript:void(0);">Bebidas</a></span>
                                

                                    <div id="c07" name="c07" class="submenu">
                                        <ul class="submenu_container">
                                                    
                                                        

                                                            <li class="submenu_link_container">
                                                                <a class="submenu_link" title="Ir a sección Aguas y gaseosas" href="/Bebidas_Aguas-y-gaseosas_c07_cat00280001_cat_es_ES.jsp">Aguas y gaseosas</a>
                                                            </li>
                                                        

                                                            <li class="submenu_link_container">
                                                                <a class="submenu_link" title="Ir a sección Energéticas e isotónicas" href="/Bebidas_Energeticas-e-isotonicas_c07_cat00280004_cat_es_ES.jsp">Energéticas e isotónicas</a>
                                                            </li>
                                                        

                                                            <li class="submenu_link_container">
                                                                <a class="submenu_link" title="Ir a sección Zumos y cafés" href="/Bebidas_Zumos-y-cafes_c07_cat00280003_cat_es_ES.jsp">Zumos y cafés</a>
                                                            </li>
                                                        

                                                            <li class="submenu_link_container">
                                                                <a class="submenu_link" title="Ir a sección Bebida Vegetal, batidos y horchata" href="/Bebidas_Bebida-Vegetal-batidos-y-horchata_c07_cat00210002_cat_es_ES.jsp">Bebida Vegetal, batidos y horchata</a>
                                                            </li>
                                                        

                                                            <li class="submenu_link_container">
                                                                <a class="submenu_link" title="Ir a sección Leche" href="/Bebidas_Leche_c07_cat00210003_cat_es_ES.jsp">Leche</a>
                                                            </li>
                                                        

                                                            <li class="submenu_link_container">
                                                                <a class="submenu_link" title="Ir a sección Refrescos" href="/Bebidas_Refrescos_c07_cat00280002_cat_es_ES.jsp">Refrescos</a>
                                                            </li>
                                                        

                                                            <li class="submenu_link_container">
                                                                <a class="submenu_link" title="Ir a sección Cervezas" href="/Bebidas_Cervezas_c07_cat00270001_cat_es_ES.jsp">Cervezas</a>
                                                            </li>
                                                        
                                                
                                        </ul>

                                    

                                    </div>


                                
                            </li>
                        
                            <li class="menu_link_container c08">
                                <span class="menu_link"><a title="Desplegar sección Perfumeria e higiene" href="javascript:void(0);">Perfumeria e higiene</a></span>
                                

                                    <div id="c08" name="c08" class="submenu">
                                        <ul class="submenu_container">
                                                    
                                                        

                                                            <li class="submenu_link_container">
                                                                <a class="submenu_link" title="Ir a sección Productos capilares" href="/Perfumeria-e-higiene_Productos-capilares_c08_cat00160007_cat_es_ES.jsp">Productos capilares</a>
                                                            </li>
                                                        

                                                            <li class="submenu_link_container">
                                                                <a class="submenu_link" title="Ir a sección Productos corporales" href="/Perfumeria-e-higiene_Productos-corporales_c08_cat00160008_cat_es_ES.jsp">Productos corporales</a>
                                                            </li>
                                                        

                                                            <li class="submenu_link_container">
                                                                <a class="submenu_link" title="Ir a sección Desodorantes" href="/Perfumeria-e-higiene_Desodorantes_c08_cat00160004_cat_es_ES.jsp">Desodorantes</a>
                                                            </li>
                                                        

                                                            <li class="submenu_link_container">
                                                                <a class="submenu_link" title="Ir a sección Colonias y perfumes" href="/Perfumeria-e-higiene_Colonias-y-perfumes_c08_cat00160001_cat_es_ES.jsp">Colonias y perfumes</a>
                                                            </li>
                                                        

                                                            <li class="submenu_link_container">
                                                                <a class="submenu_link" title="Ir a sección Productos de afeitado" href="/Perfumeria-e-higiene_Productos-de-afeitado_c08_cat00160009_cat_es_ES.jsp">Productos de afeitado</a>
                                                            </li>
                                                        

                                                            <li class="submenu_link_container">
                                                                <a class="submenu_link" title="Ir a sección Cosméticos" href="/Perfumeria-e-higiene_Cosmeticos_c08_cat00160003_cat_es_ES.jsp">Cosméticos</a>
                                                            </li>
                                                        

                                                            <li class="submenu_link_container">
                                                                <a class="submenu_link" title="Ir a sección Higiene bucal" href="/Perfumeria-e-higiene_Higiene-bucal_c08_cat00160005_cat_es_ES.jsp">Higiene bucal</a>
                                                            </li>
                                                        

                                                            <li class="submenu_link_container">
                                                                <a class="submenu_link" title="Ir a sección Parafarmacia" href="/Perfumeria-e-higiene_Parafarmacia_c08_cat00010012_cat_es_ES.jsp">Parafarmacia</a>
                                                            </li>
                                                        

                                                            <li class="submenu_link_container">
                                                                <a class="submenu_link" title="Ir a sección Higiene femenina" href="/Perfumeria-e-higiene_Higiene-femenina_c08_cat00160006_cat_es_ES.jsp">Higiene femenina</a>
                                                            </li>
                                                        

                                                            <li class="submenu_link_container">
                                                                <a class="submenu_link" title="Ir a sección Productos solares" href="/Perfumeria-e-higiene_Productos-solares_c08_cat00160010_cat_es_ES.jsp">Productos solares</a>
                                                            </li>
                                                        

                                                            <li class="submenu_link_container">
                                                                <a class="submenu_link" title="Ir a sección Depilación" href="/Perfumeria-e-higiene_Depilacion_c08_cat00160011_cat_es_ES.jsp">Depilación</a>
                                                            </li>
                                                        
                                                
                                        </ul>

                                    

                                    </div>


                                
                            </li>
                        
                            <li class="menu_link_container c09">
                                <span class="menu_link"><a title="Desplegar sección Limpieza y hogar" href="javascript:void(0);">Limpieza y hogar</a></span>
                                

                                    <div id="c09" name="c09" class="submenu">
                                        <ul class="submenu_container">
                                                    
                                                        

                                                            <li class="submenu_link_container">
                                                                <a class="submenu_link" title="Ir a sección Lavado de la ropa y planchado" href="/Limpieza-y-hogar_Lavado-de-la-ropa-y-planchado_c09_cat00140002_cat_es_ES.jsp">Lavado de la ropa y planchado</a>
                                                            </li>
                                                        

                                                            <li class="submenu_link_container">
                                                                <a class="submenu_link" title="Ir a sección Lejías y otros desinfectantes" href="/Limpieza-y-hogar_Lejias-y-otros-desinfectantes_c09_cat00140005_cat_es_ES.jsp">Lejías y otros desinfectantes</a>
                                                            </li>
                                                        

                                                            <li class="submenu_link_container">
                                                                <a class="submenu_link" title="Ir a sección Limpiahogares" href="/Limpieza-y-hogar_Limpiahogares_c09_cat00010009_cat_es_ES.jsp">Limpiahogares</a>
                                                            </li>
                                                        

                                                            <li class="submenu_link_container">
                                                                <a class="submenu_link" title="Ir a sección Utensilios de limpieza" href="/Limpieza-y-hogar_Utensilios-de-limpieza_c09_cat00010001_cat_es_ES.jsp">Utensilios de limpieza</a>
                                                            </li>
                                                        

                                                            <li class="submenu_link_container">
                                                                <a class="submenu_link" title="Ir a sección Lavavajillas" href="/Limpieza-y-hogar_Lavavajillas_c09_cat00140004_cat_es_ES.jsp">Lavavajillas</a>
                                                            </li>
                                                        

                                                            <li class="submenu_link_container">
                                                                <a class="submenu_link" title="Ir a sección Ambientadores" href="/Limpieza-y-hogar_Ambientadores_c09_cat00140001_cat_es_ES.jsp">Ambientadores</a>
                                                            </li>
                                                        

                                                            <li class="submenu_link_container">
                                                                <a class="submenu_link" title="Ir a sección Insecticidas" href="/Limpieza-y-hogar_Insecticidas_c09_cat00140003_cat_es_ES.jsp">Insecticidas</a>
                                                            </li>
                                                        

                                                            <li class="submenu_link_container">
                                                                <a class="submenu_link" title="Ir a sección Celulosa, plástico y artículos deshechables" href="/Limpieza-y-hogar_Celulosa-plastico-y-articulos-deshechables_c09_cat00010005_cat_es_ES.jsp">Celulosa, plástico y artículos deshechables</a>
                                                            </li>
                                                        

                                                            <li class="submenu_link_container">
                                                                <a class="submenu_link" title="Ir a sección Básicos en el hogar" href="/Limpieza-y-hogar_Basicos-en-el-hogar_c09_cat00010004_cat_es_ES.jsp">Básicos en el hogar</a>
                                                            </li>
                                                        

                                                            <li class="submenu_link_container">
                                                                <a class="submenu_link" title="Ir a sección Básicos en la cocina" href="/Limpieza-y-hogar_Basicos-en-la-cocina_c09_cat00010010_cat_es_ES.jsp">Básicos en la cocina</a>
                                                            </li>
                                                        

                                                            <li class="submenu_link_container">
                                                                <a class="submenu_link" title="Ir a sección Jardinería y barbacoa" href="/Limpieza-y-hogar_Jardineria-y-barbacoa_c09_cat00010003_cat_es_ES.jsp">Jardinería y barbacoa</a>
                                                            </li>
                                                        
                                                
                                        </ul>

                                    

                                    </div>


                                
                            </li>
                        
                            <li class="menu_link_container c10">
                                <span class="menu_link"><a title="Desplegar sección Mundo bebe" href="javascript:void(0);">Mundo bebe</a></span>
                                

                                    <div id="c10" name="c10" class="submenu">
                                        <ul class="submenu_container">
                                                    
                                                        

                                                            <li class="submenu_link_container">
                                                                <a class="submenu_link" title="Ir a sección Pañales y toallitas" href="/Mundo-bebe_Panales-y-toallitas_c10_cat00060004_cat_es_ES.jsp">Pañales y toallitas</a>
                                                            </li>
                                                        

                                                            <li class="submenu_link_container">
                                                                <a class="submenu_link" title="Ir a sección Higiene y perfumería infantil" href="/Mundo-bebe_Higiene-y-perfumeria-infantil_c10_cat00060006_cat_es_ES.jsp">Higiene y perfumería infantil</a>
                                                            </li>
                                                        

                                                            <li class="submenu_link_container">
                                                                <a class="submenu_link" title="Ir a sección Potitos y platos infantiles" href="/Mundo-bebe_Potitos-y-platos-infantiles_c10_cat00060001_cat_es_ES.jsp">Potitos y platos infantiles</a>
                                                            </li>
                                                        

                                                            <li class="submenu_link_container">
                                                                <a class="submenu_link" title="Ir a sección Papillas" href="/Mundo-bebe_Papillas_c10_cat00060005_cat_es_ES.jsp">Papillas</a>
                                                            </li>
                                                        

                                                            <li class="submenu_link_container">
                                                                <a class="submenu_link" title="Ir a sección Leche, yogur i agua infantil" href="/Mundo-bebe_Leche-yogur-i-agua-infantil_c10_cat00060003_cat_es_ES.jsp">Leche, yogur i agua infantil</a>
                                                            </li>
                                                        
                                                
                                        </ul>

                                    

                                    </div>


                                
                            </li>
                        
                            <li class="menu_link_container c11">
                                <span class="menu_link"><a title="Desplegar sección Mundo mascota" href="javascript:void(0);">Mundo mascota</a></span>
                                

                                    <div id="c11" name="c11" class="submenu">
                                        <ul class="submenu_container">
                                                    
                                                        

                                                            <li class="submenu_link_container">
                                                                <a class="submenu_link" title="Ir a sección Alimentos para perros" href="/Mundo-mascota_Alimentos-para-perros_c11_cat00040004_cat_es_ES.jsp">Alimentos para perros</a>
                                                            </li>
                                                        

                                                            <li class="submenu_link_container">
                                                                <a class="submenu_link" title="Ir a sección Alimentos para gatos" href="/Mundo-mascota_Alimentos-para-gatos_c11_cat00040002_cat_es_ES.jsp">Alimentos para gatos</a>
                                                            </li>
                                                        

                                                            <li class="submenu_link_container">
                                                                <a class="submenu_link" title="Ir a sección Alimentos para otros animales" href="/Mundo-mascota_Alimentos-para-otros-animales_c11_cat00040005_cat_es_ES.jsp">Alimentos para otros animales</a>
                                                            </li>
                                                        

                                                            <li class="submenu_link_container">
                                                                <a class="submenu_link" title="Ir a sección Accesorios para animales" href="/Mundo-mascota_Accesorios-para-animales_c11_cat00040001_cat_es_ES.jsp">Accesorios para animales</a>
                                                            </li>
                                                        
                                                
                                        </ul>

                                    

                                    </div>


                                
                            </li>
                        
                    </ul>
                </nav>
</div></header>




        <main id="main_container" class="main_container" itemprop="mainContentOfPage">
            
                <div class="content_container">

    <div class="top_container">
        <span class="breadcrumbs">Estás en: Alimentación &gt; Caldos, cremas y purés</span>
        <h1 class="title">Caldos, cremas y purés</h1>
        <label class="order_container">
            Ordenar por:
            <select name="sorting" id="sorting" onchange="changeSortingCriteria(this, false)">
                <option value="relevance">Relevancia</option>
                <option value="alpha">Nombre</option>
                <option value="price">Precio</option>
            </select>
        </label>
    </div>

    
        <aside class="banner_container">
            
                
                    <a class="banner_link" title="Servicio de ahorro CondisLine Prime" href="/banner?catId=CONDISLINE_PRIME&amp;title=Servicio de ahorro CondisLine Prime&amp;source=banner">
                
            

             <img class="banner" alt="Servicio de ahorro CondisLine Prime" src="//static.condisline.com/resize_708x108/images/banners/upselling/condisLinePrime/2023_es.jpg">

            
                </a>
            
        </aside>
    

    

<aside class="filter_section" style="display: block; margin-top: -205px; position: static;">
    
        <input type="hidden" id="famId" value="cat00260001">
    

    
        <input type="hidden" id="secId" value="c01">
    

    <!--OTROS FILTROS-->
    
        <div class="filter_container">
            <div class="title_filter_container">
                <span class="title_filter">FILTROS</span>
            </div>
            
                <label class="check_container filters gluten">
                    <input type="checkbox" name="noGluten" id="noGluten" onclick="javascript:setOtherFilter(this, 'noGluten', false)">
                    Sin Gluten <span>(42)</span>
                </label>
            
            
                <label class="check_container filters lactose">
                    <input type="checkbox" name="noLactose" id="noLactose" onclick="javascript:setOtherFilter(this, 'noLactose', false)">
                    Sin Lactosa <span>(11)</span>
                </label>
            
            
                <label class="check_container filters promotion">
                    <input type="checkbox" name="onPromotion" id="onPromotion" onclick="javascript:setOtherFilter(this, 'onPromotion', false)">
                    Promociones <span>(14)</span>
                </label>
            
            
            
                <label class="check_container filters condisBrand">
                    <input type="checkbox" name="condisBrand" id="condisBrand" onclick="javascript:setOtherFilter(this, 'condisBrand', false)">
                    Marca Propia <span>(14)</span>
                </label>
            
            <!--
            
                <label class="check_container">
                    <input type="checkbox" name="on_sale_filter" id="on_sale_filter" onclick="javascript:setOtherFilter(this, 'on_sale_filter', false)">
                    Oferta <span>(1)</span>
                </label>
            
            -->
        </div>
    

    <!--Variedad-->
    
        <div class="filter_container">
            <div class="title_filter_container">
                <h2 class="title_filter">VARIEDAD</h2>
            </div>

            

                <label class="check_container">
                    <input type="checkbox" name="cat002600010001" id="cat002600010001" onclick="javascript:setVariety(this, 'cat002600010001', false)">
                    Caldo de ave <span>(18)</span>
                </label>
            

                <label class="check_container">
                    <input type="checkbox" name="cat002600030002" id="cat002600030002" onclick="javascript:setVariety(this, 'cat002600030002', false)">
                    Cremas <span>(17)</span>
                </label>
            

                <label class="check_container">
                    <input type="checkbox" name="cat002600010003" id="cat002600010003" onclick="javascript:setVariety(this, 'cat002600010003', false)">
                    Caldo de pescado <span>(15)</span>
                </label>
            

                <label class="check_container">
                    <input type="checkbox" name="cat002600010002" id="cat002600010002" onclick="javascript:setVariety(this, 'cat002600010002', false)">
                    Caldo de carne <span>(7)</span>
                </label>
            

                <label class="check_container">
                    <input type="checkbox" name="cat002600010005" id="cat002600010005" onclick="javascript:setVariety(this, 'cat002600010005', false)">
                    Caldo en pastillas <span>(6)</span>
                </label>
            

                <label class="check_container">
                    <input type="checkbox" name="cat002600010004" id="cat002600010004" onclick="javascript:setVariety(this, 'cat002600010004', false)">
                    Caldo de verduras <span>(5)</span>
                </label>
            

                <label class="check_container">
                    <input type="checkbox" name="cat002600020001" id="cat002600020001" onclick="javascript:setVariety(this, 'cat002600020001', false)">
                    Purés <span>(4)</span>
                </label>
            
        </div>
    

    <!--Marca -->
    
        <div class="filter_container">
            <div class="title_filter_container">
                <h2 class="title_filter">MARCAS</h2>
            </div>

            
                <label class="check_container">
                    <input type="checkbox" name="66" id="66" onclick="javascript:setBrand(this, '66', false)">
                    ANETO <span>(13)</span>
                </label>
            
                <label class="check_container">
                    <input type="checkbox" name="1910" id="1910" onclick="javascript:setBrand(this, '1910', false)">
                    CASA AMELLA <span>(3)</span>
                </label>
            
                <label class="check_container">
                    <input type="checkbox" name="330" id="330" onclick="javascript:setBrand(this, '330', false)">
                    CONDIS <span>(14)</span>
                </label>
            
                <label class="check_container">
                    <input type="checkbox" name="747" id="747" onclick="javascript:setBrand(this, '747', false)">
                    GALLINA BLANCA <span>(24)</span>
                </label>
            
                <label class="check_container">
                    <input type="checkbox" name="748" id="748" onclick="javascript:setBrand(this, '748', false)">
                    GALLINA BLANCA - AVECREM <span>(3)</span>
                </label>
            
                <label class="check_container">
                    <input type="checkbox" name="750" id="750" onclick="javascript:setBrand(this, '750', false)">
                    GALLO <span>(4)</span>
                </label>
            
                <label class="check_container">
                    <input type="checkbox" name="446" id="446" onclick="javascript:setBrand(this, '446', false)">
                    KNORR <span>(6)</span>
                </label>
            
                <label class="check_container">
                    <input type="checkbox" name="1386" id="1386" onclick="javascript:setBrand(this, '1386', false)">
                    MAGGI <span>(4)</span>
                </label>
            
                <label class="check_container">
                    <input type="checkbox" name="0" id="0" onclick="javascript:setBrand(this, '0', false)">
                    SIN MARCA <span>(1)</span>
                </label>
            
        </div>
    

    <!--PRECIO-->
    
        <div class="filter_container">
            <span class="title_filter">PRECIO</span>
            
                <div id="range_slider" class="ui-slider ui-slider-horizontal ui-widget ui-widget-content ui-corner-all"><div class="ui-slider-range ui-widget-header ui-corner-all" style="left: 0%; width: 100%;"></div><span class="ui-slider-handle ui-state-default ui-corner-all" tabindex="0" style="left: 0%;"></span><span class="ui-slider-handle ui-state-default ui-corner-all" tabindex="0" style="left: 100%;"></span></div>
                    <span id="min_price" class="price min">0.76€</span>
                    <span id="max_price" class="price max">7.90€</span>
                    <input id="max_init_price" type="hidden" value="7.9">
                    <input id="min_init_price" type="hidden" value="0.76">
                    <input id="max_price_slide" type="hidden" value="7.9">
                    <input id="min_price_slide" type="hidden" value="0.76">
            
        </div>
    

    <!-- KCALORIAS -->
    
        <div class="filter_container">
            <span class="title_filter">KCAL</span>

            
                <div class="slider_container">
                    <div id="slider_bar" class="slider_range" style="width: 100%;">
                        <span id="kcal" class="selected_kcal">256</span>
                    </div>

                    <img class="slider_mask" alt="Control deslizante" src="//static.condisline.com/static-app/j2_233f/images/slider-mask.png" width="183">
                    <div id="slider" class="ui-slider ui-slider-horizontal ui-widget ui-widget-content ui-corner-all"><span class="ui-slider-handle ui-state-default ui-corner-all" tabindex="0" style="left: 100%;"></span></div>
                </div>

                <span id="min_kal" class="kcal min">3.0</span>
                <span id="max_kal" class="kcal max">256.0</span>

                <input id="min_kcal_slide" type="hidden" value="3.0">
                <input id="max_kcal_slide" type="hidden" value="256.0">
                <input id="max_init_kcal" type="hidden" value="256.0">
            

        </div>
    


</aside>

    <section id="articles_section" class="articles_section">
        <div id="articles_section_div" class="articles_scroll">
            <script>
    
        window.position = 1;
    

    
        window.moreProducts = true;
    

    window.actualPage = 0;

</script>

<script>
    startFiltersAndNotebook();
</script>


    <ul id="carousel_articles" class="articles_list" itemscope="" itemtype="http://schema.org/ItemList">
        
            <li class="article" itemprop="itemListElement" itemscope="" itemtype="http://schema.org/Product">
                
    <article class="article_container" id="item_description_116197">


    
        <a class="article_name" title="Ver ficha de CALDO GALLINA BLANCA CASERO POLLO 1 L" href="/CALDO-GALLINA-BLANCA-CASERO-POLLO-1-L_116197_prd_es_ES.jsp" itemprop="url"><span itemprop="name" id="description_text">CALDO GALLINA BLANCA CASERO POLLO 1 L</span></a>
    

        <!--informacion de gluten y calorias -->
        <div class="info_container">

            
                <span class="calories">5 <span>kcal</span></span>
                <a class="info" title="Producto con 5 kilocalorías" href="javascript:void(0);">
                    <span class="info_text">Producto con 5 kilocalorías.</span>
                </a>
            

            
                
                    <img class="info_icon" alt="10% Descuento para suscriptores Condisline Prime" src="//static.condisline.com/resize_39x39/images/product_icons/icon_subscription.png" width="39" height="39">

                    
                        <a class="info" title="10% Descuento para suscriptores Condisline Prime" href="javascript:void(0);">
                            <span class="info_text">10% Descuento para suscriptores Condisline Prime</span>
                        </a>
                    
                
                    <img class="info_icon" alt="Producto sin gluten" src="//static.condisline.com/resize_39x39/images/product_icons/no_gluten.png" width="39" height="39">

                    
                        <a class="info" title="Producto sin gluten" href="javascript:void(0);">
                            <span class="info_text">Producto sin gluten</span>
                        </a>
                    
                
            
        </div>

        <img class="article_image" alt="CALDO GALLINA BLANCA CASERO POLLO 1 L" data-original="//static.condisline.com/resize_190x200/images/catalog/large/116197.jpg" src="//static.condisline.com/resize_190x200/images/catalog/large/116197.jpg" width="190" height="200" style="display: block;">

        <meta itemprop="image" content="//static.condisline.com/resize_190x200/images/catalog/large/116197.jpg">

        <div class="article_price_container" itemprop="offers" itemscope="" itemtype="http://schema.org/Offer">

            <!-- Price -->
            
                
                    <span class="offer">Segunda Unidad 50%</span>
                
                <span class="article_price" itemprop="price"><span id="list_price_116197">2,20</span></span>
                <span class="currency">€</span>
                <script>
                    formatNumber('2.2', 'list_price_116197');
                </script>
            

            <meta itemprop="priceCurrency" content="EUR">
            <div class="unit_container">
                
                    <a class="substract_button" title="Menos" href="javascript:void(0);">-</a>
                
                <label class="quantity_container">
                    
                        
                            <input class="input_quantity_product" id="item_quantity_116197" type="number" data-product="116197" value="" min="1" max="999" required="" autocomplete="off">
                        
                    
                </label>
                
                    <a class="add_button" title="Más" href="javascript:void(0);">+</a>
                    <a class="added_tick" title="Cambiar unidades" href="javascript:void(0);"></a>
                
            </div>

            
                
                    <div class="article_pum">
                        <span>      2,20€/Litro</span>
                    </div>
                
            

            
                
                    <a data-product-id="116197" class="orange_button btn_add2cart" title="Añadir al carrito" onclick="dataLayer.push({event: 'event_gtm',category:'acciones usuario', action:'a�adir producto desde listado'})" href="javascript:addToCartFromItemList('116197')">AÑADIR AL CARRITO &gt;</a>
                
            
            <span class="added_button">En carrito</span>

            
            
            <a class="white_button" title="Añadir a mi lista" href="javascript:addToListFromItemList('116197')" onclick="dataLayer.push({event: 'event_gtm',category:'acciones usuario', action:'a�adir producto a lista'});">Añadir a mi lista</a>
            
            
        </div>

        
            <a class="article_link" title="Ver ficha de CALDO GALLINA BLANCA CASERO POLLO 1 L" href="/CALDO-GALLINA-BLANCA-CASERO-POLLO-1-L_116197_prd_es_ES.jsp" onclick="javascript:callingTaggingEnpoints('')" itemprop="url"></a>
        
        <div class="hover_container">
            <div class="hover">
                <div class="info_symbol"></div>
            </div>
        </div>

        
            <img width="116" height="114" src="//static.condisline.com/resize_128x128/images/product_icons_corner/promocion_50.png" alt="Segunda Unidad 50% descuento" class="promotion_image">
        

        
        <!-- <a class="more_info" title="Más información sobre la promoción" href="javascript:void(0);"> -->
        <a class="more_info" href="javascript:void(0);">
            <span class="tooltip">
                Segunda Unidad 50% descuento
                <span class="arrow"></span>
            </span>
        </a>
        
    </article>
            </li>
        
            <li class="article" itemprop="itemListElement" itemscope="" itemtype="http://schema.org/Product">
                
    <article class="article_container" id="item_description_116048">


    
        <a class="article_name" title="Ver ficha de CALDO ANETO DE POLLO 100% NATURAL 1 L" href="/CALDO-ANETO-DE-POLLO-100-NATURAL-1-L_116048_prd_es_ES.jsp" itemprop="url"><span itemprop="name" id="description_text">CALDO ANETO DE POLLO 100% NATURAL 1 L</span></a>
    

        <!--informacion de gluten y calorias -->
        <div class="info_container">

            
                <span class="calories">7 <span>kcal</span></span>
                <a class="info" title="Producto con 7 kilocalorías" href="javascript:void(0);">
                    <span class="info_text">Producto con 7 kilocalorías.</span>
                </a>
            

            
                
                    <img class="info_icon" alt="10% Descuento para suscriptores Condisline Prime" src="//static.condisline.com/resize_39x39/images/product_icons/icon_subscription.png" width="39" height="39">

                    
                        <a class="info" title="10% Descuento para suscriptores Condisline Prime" href="javascript:void(0);">
                            <span class="info_text">10% Descuento para suscriptores Condisline Prime</span>
                        </a>
                    
                
                    <img class="info_icon" alt="Producto sin gluten" src="//static.condisline.com/resize_39x39/images/product_icons/no_gluten.png" width="39" height="39">

                    
                        <a class="info" title="Producto sin gluten" href="javascript:void(0);">
                            <span class="info_text">Producto sin gluten</span>
                        </a>
                    
                
                    <img class="info_icon" alt="Producto sin lactosa" src="//static.condisline.com/resize_39x39/images/product_icons/no_lactosa.png" width="39" height="39">

                    
                        <a class="info" title="Producto sin lactosa" href="javascript:void(0);">
                            <span class="info_text">Producto sin lactosa</span>
                        </a>
                    
                
            
        </div>

        <img class="article_image" alt="CALDO ANETO DE POLLO 100% NATURAL 1 L" data-original="//static.condisline.com/resize_190x200/images/catalog/large/116048.jpg" src="//static.condisline.com/resize_190x200/images/catalog/large/116048.jpg" width="190" height="200" style="display: block;">

        <meta itemprop="image" content="//static.condisline.com/resize_190x200/images/catalog/large/116048.jpg">

        <div class="article_price_container" itemprop="offers" itemscope="" itemtype="http://schema.org/Offer">

            <!-- Price -->
            
                
                    <span class="offer">Segunda Unidad 50%</span>
                
                <span class="article_price" itemprop="price"><span id="list_price_116048">4,30</span></span>
                <span class="currency">€</span>
                <script>
                    formatNumber('4.3', 'list_price_116048');
                </script>
            

            <meta itemprop="priceCurrency" content="EUR">
            <div class="unit_container">
                
                    <a class="substract_button" title="Menos" href="javascript:void(0);">-</a>
                
                <label class="quantity_container">
                    
                        
                            <input class="input_quantity_product" id="item_quantity_116048" type="number" data-product="116048" value="" min="1" max="999" required="" autocomplete="off">
                        
                    
                </label>
                
                    <a class="add_button" title="Más" href="javascript:void(0);">+</a>
                    <a class="added_tick" title="Cambiar unidades" href="javascript:void(0);"></a>
                
            </div>

            
                
                    <div class="article_pum">
                        <span>      4,30€/Litro</span>
                    </div>
                
            

            
                
                    <a data-product-id="116048" class="orange_button btn_add2cart" title="Añadir al carrito" onclick="dataLayer.push({event: 'event_gtm',category:'acciones usuario', action:'a�adir producto desde listado'})" href="javascript:addToCartFromItemList('116048')">AÑADIR AL CARRITO &gt;</a>
                
            
            <span class="added_button">En carrito</span>

            
            
            <a class="white_button" title="Añadir a mi lista" href="javascript:addToListFromItemList('116048')" onclick="dataLayer.push({event: 'event_gtm',category:'acciones usuario', action:'a�adir producto a lista'});">Añadir a mi lista</a>
            
            
        </div>

        
            <a class="article_link" title="Ver ficha de CALDO ANETO DE POLLO 100% NATURAL 1 L" href="/CALDO-ANETO-DE-POLLO-100-NATURAL-1-L_116048_prd_es_ES.jsp" onclick="javascript:callingTaggingEnpoints('')" itemprop="url"></a>
        
        <div class="hover_container">
            <div class="hover">
                <div class="info_symbol"></div>
            </div>
        </div>

        
            <img width="116" height="114" src="//static.condisline.com/resize_128x128/images/product_icons_corner/promocion_50.png" alt="Segunda Unidad 50% descuento" class="promotion_image">
        

        
        <!-- <a class="more_info" title="Más información sobre la promoción" href="javascript:void(0);"> -->
        <a class="more_info" href="javascript:void(0);">
            <span class="tooltip">
                Segunda Unidad 50% descuento
                <span class="arrow"></span>
            </span>
        </a>
        
    </article>
            </li>
        
            <li class="article" itemprop="itemListElement" itemscope="" itemtype="http://schema.org/Product">
                
    <article class="article_container" id="item_description_116192">


    
        <a class="article_name" title="Ver ficha de CALDO GALLINA BLANCA CASERO DE POLLO BAJO EN SAL 1 L" href="/CALDO-GALLINA-BLANCA-CASERO-DE-POLLO-BAJO-EN-SAL-1-L_116192_prd_es_ES.jsp" itemprop="url"><span itemprop="name" id="description_text">CALDO GALLINA BLANCA CASERO DE POLLO BAJO EN SAL 1 L</span></a>
    

        <!--informacion de gluten y calorias -->
        <div class="info_container">

            
                <span class="calories">5 <span>kcal</span></span>
                <a class="info" title="Producto con 5 kilocalorías" href="javascript:void(0);">
                    <span class="info_text">Producto con 5 kilocalorías.</span>
                </a>
            

            
                
                    <img class="info_icon" alt="10% Descuento para suscriptores Condisline Prime" src="//static.condisline.com/resize_39x39/images/product_icons/icon_subscription.png" width="39" height="39">

                    
                        <a class="info" title="10% Descuento para suscriptores Condisline Prime" href="javascript:void(0);">
                            <span class="info_text">10% Descuento para suscriptores Condisline Prime</span>
                        </a>
                    
                
                    <img class="info_icon" alt="Producto sin gluten" src="//static.condisline.com/resize_39x39/images/product_icons/no_gluten.png" width="39" height="39">

                    
                        <a class="info" title="Producto sin gluten" href="javascript:void(0);">
                            <span class="info_text">Producto sin gluten</span>
                        </a>
                    
                
            
        </div>

        <img class="article_image" alt="CALDO GALLINA BLANCA CASERO DE POLLO BAJO EN SAL 1 L" data-original="//static.condisline.com/resize_190x200/images/catalog/large/116192.jpg" src="//static.condisline.com/resize_190x200/images/catalog/large/116192.jpg" width="190" height="200" style="display: block;">

        <meta itemprop="image" content="//static.condisline.com/resize_190x200/images/catalog/large/116192.jpg">

        <div class="article_price_container" itemprop="offers" itemscope="" itemtype="http://schema.org/Offer">

            <!-- Price -->
            
                
                    <span class="offer">Segunda Unidad 50%</span>
                
                <span class="article_price" itemprop="price"><span id="list_price_116192">2,20</span></span>
                <span class="currency">€</span>
                <script>
                    formatNumber('2.2', 'list_price_116192');
                </script>
            

            <meta itemprop="priceCurrency" content="EUR">
            <div class="unit_container">
                
                    <a class="substract_button" title="Menos" href="javascript:void(0);">-</a>
                
                <label class="quantity_container">
                    
                        
                            <input class="input_quantity_product" id="item_quantity_116192" type="number" data-product="116192" value="" min="1" max="999" required="" autocomplete="off">
                        
                    
                </label>
                
                    <a class="add_button" title="Más" href="javascript:void(0);">+</a>
                    <a class="added_tick" title="Cambiar unidades" href="javascript:void(0);"></a>
                
            </div>

            
                
                    <div class="article_pum">
                        <span>      2,20€/Litro</span>
                    </div>
                
            

            
                
                    <a data-product-id="116192" class="orange_button btn_add2cart" title="Añadir al carrito" onclick="dataLayer.push({event: 'event_gtm',category:'acciones usuario', action:'a�adir producto desde listado'})" href="javascript:addToCartFromItemList('116192')">AÑADIR AL CARRITO &gt;</a>
                
            
            <span class="added_button">En carrito</span>

            
            
            <a class="white_button" title="Añadir a mi lista" href="javascript:addToListFromItemList('116192')" onclick="dataLayer.push({event: 'event_gtm',category:'acciones usuario', action:'a�adir producto a lista'});">Añadir a mi lista</a>
            
            
        </div>

        
            <a class="article_link" title="Ver ficha de CALDO GALLINA BLANCA CASERO DE POLLO BAJO EN SAL 1 L" href="/CALDO-GALLINA-BLANCA-CASERO-DE-POLLO-BAJO-EN-SAL-1-L_116192_prd_es_ES.jsp" onclick="javascript:callingTaggingEnpoints('')" itemprop="url"></a>
        
        <div class="hover_container">
            <div class="hover">
                <div class="info_symbol"></div>
            </div>
        </div>

        
            <img width="116" height="114" src="//static.condisline.com/resize_128x128/images/product_icons_corner/promocion_50.png" alt="Segunda Unidad 50% descuento" class="promotion_image">
        

        
        <!-- <a class="more_info" title="Más información sobre la promoción" href="javascript:void(0);"> -->
        <a class="more_info" href="javascript:void(0);">
            <span class="tooltip">
                Segunda Unidad 50% descuento
                <span class="arrow"></span>
            </span>
        </a>
        
    </article>
            </li>
        
            <li class="article" itemprop="itemListElement" itemscope="" itemtype="http://schema.org/Product">
                
    <article class="article_container" id="item_description_116200">


    
        <a class="article_name" title="Ver ficha de CALDO GALLINA BLANCA CASERO VERDURA 1 L" href="/CALDO-GALLINA-BLANCA-CASERO-VERDURA-1-L_116200_prd_es_ES.jsp" itemprop="url"><span itemprop="name" id="description_text">CALDO GALLINA BLANCA CASERO VERDURA 1 L</span></a>
    

        <!--informacion de gluten y calorias -->
        <div class="info_container">

            
                <span class="calories">3 <span>kcal</span></span>
                <a class="info" title="Producto con 3 kilocalorías" href="javascript:void(0);">
                    <span class="info_text">Producto con 3 kilocalorías.</span>
                </a>
            

            
                
                    <img class="info_icon" alt="10% Descuento para suscriptores Condisline Prime" src="//static.condisline.com/resize_39x39/images/product_icons/icon_subscription.png" width="39" height="39">

                    
                        <a class="info" title="10% Descuento para suscriptores Condisline Prime" href="javascript:void(0);">
                            <span class="info_text">10% Descuento para suscriptores Condisline Prime</span>
                        </a>
                    
                
                    <img class="info_icon" alt="Producto sin gluten" src="//static.condisline.com/resize_39x39/images/product_icons/no_gluten.png" width="39" height="39">

                    
                        <a class="info" title="Producto sin gluten" href="javascript:void(0);">
                            <span class="info_text">Producto sin gluten</span>
                        </a>
                    
                
            
        </div>

        <img class="article_image" alt="CALDO GALLINA BLANCA CASERO VERDURA 1 L" data-original="//static.condisline.com/resize_190x200/images/catalog/large/116200.jpg" src="//static.condisline.com/resize_190x200/images/catalog/large/116200.jpg" width="190" height="200" style="display: block;">

        <meta itemprop="image" content="//static.condisline.com/resize_190x200/images/catalog/large/116200.jpg">

        <div class="article_price_container" itemprop="offers" itemscope="" itemtype="http://schema.org/Offer">

            <!-- Price -->
            
                
                    <span class="offer">Segunda Unidad 50%</span>
                
                <span class="article_price" itemprop="price"><span id="list_price_116200">2,20</span></span>
                <span class="currency">€</span>
                <script>
                    formatNumber('2.2', 'list_price_116200');
                </script>
            

            <meta itemprop="priceCurrency" content="EUR">
            <div class="unit_container">
                
                    <a class="substract_button" title="Menos" href="javascript:void(0);">-</a>
                
                <label class="quantity_container">
                    
                        
                            <input class="input_quantity_product" id="item_quantity_116200" type="number" data-product="116200" value="" min="1" max="999" required="" autocomplete="off">
                        
                    
                </label>
                
                    <a class="add_button" title="Más" href="javascript:void(0);">+</a>
                    <a class="added_tick" title="Cambiar unidades" href="javascript:void(0);"></a>
                
            </div>

            
                
                    <div class="article_pum">
                        <span>      2,20€/Litro</span>
                    </div>
                
            

            
                
                    <a data-product-id="116200" class="orange_button btn_add2cart" title="Añadir al carrito" onclick="dataLayer.push({event: 'event_gtm',category:'acciones usuario', action:'a�adir producto desde listado'})" href="javascript:addToCartFromItemList('116200')">AÑADIR AL CARRITO &gt;</a>
                
            
            <span class="added_button">En carrito</span>

            
            
            <a class="white_button" title="Añadir a mi lista" href="javascript:addToListFromItemList('116200')" onclick="dataLayer.push({event: 'event_gtm',category:'acciones usuario', action:'a�adir producto a lista'});">Añadir a mi lista</a>
            
            
        </div>

        
            <a class="article_link" title="Ver ficha de CALDO GALLINA BLANCA CASERO VERDURA 1 L" href="/CALDO-GALLINA-BLANCA-CASERO-VERDURA-1-L_116200_prd_es_ES.jsp" onclick="javascript:callingTaggingEnpoints('')" itemprop="url"></a>
        
        <div class="hover_container">
            <div class="hover">
                <div class="info_symbol"></div>
            </div>
        </div>

        
            <img width="116" height="114" src="//static.condisline.com/resize_128x128/images/product_icons_corner/promocion_50.png" alt="Segunda Unidad 50% descuento" class="promotion_image">
        

        
        <!-- <a class="more_info" title="Más información sobre la promoción" href="javascript:void(0);"> -->
        <a class="more_info" href="javascript:void(0);">
            <span class="tooltip">
                Segunda Unidad 50% descuento
                <span class="arrow"></span>
            </span>
        </a>
        
    </article>
            </li>
        
            <li class="article" itemprop="itemListElement" itemscope="" itemtype="http://schema.org/Product">
                
    <article class="article_container" id="item_description_116089">


    
        <a class="article_name" title="Ver ficha de CALDO ANETO DE POLLO NATURAL BAJO EN SAL 1 L" href="/CALDO-ANETO-DE-POLLO-NATURAL-BAJO-EN-SAL-1-L_116089_prd_es_ES.jsp" itemprop="url"><span itemprop="name" id="description_text">CALDO ANETO DE POLLO NATURAL BAJO EN SAL 1 L</span></a>
    

        <!--informacion de gluten y calorias -->
        <div class="info_container">

            
                <span class="calories">8 <span>kcal</span></span>
                <a class="info" title="Producto con 8 kilocalorías" href="javascript:void(0);">
                    <span class="info_text">Producto con 8 kilocalorías.</span>
                </a>
            

            
                
                    <img class="info_icon" alt="10% Descuento para suscriptores Condisline Prime" src="//static.condisline.com/resize_39x39/images/product_icons/icon_subscription.png" width="39" height="39">

                    
                        <a class="info" title="10% Descuento para suscriptores Condisline Prime" href="javascript:void(0);">
                            <span class="info_text">10% Descuento para suscriptores Condisline Prime</span>
                        </a>
                    
                
                    <img class="info_icon" alt="Producto sin gluten" src="//static.condisline.com/resize_39x39/images/product_icons/no_gluten.png" width="39" height="39">

                    
                        <a class="info" title="Producto sin gluten" href="javascript:void(0);">
                            <span class="info_text">Producto sin gluten</span>
                        </a>
                    
                
                    <img class="info_icon" alt="Producto sin lactosa" src="//static.condisline.com/resize_39x39/images/product_icons/no_lactosa.png" width="39" height="39">

                    
                        <a class="info" title="Producto sin lactosa" href="javascript:void(0);">
                            <span class="info_text">Producto sin lactosa</span>
                        </a>
                    
                
            
        </div>

        <img class="article_image" alt="CALDO ANETO DE POLLO NATURAL BAJO EN SAL 1 L" data-original="//static.condisline.com/resize_190x200/images/catalog/large/116089.jpg" src="//static.condisline.com/resize_190x200/images/catalog/large/116089.jpg" width="190" height="200" style="display: block;">

        <meta itemprop="image" content="//static.condisline.com/resize_190x200/images/catalog/large/116089.jpg">

        <div class="article_price_container" itemprop="offers" itemscope="" itemtype="http://schema.org/Offer">

            <!-- Price -->
            
                
                    <span class="offer">Segunda Unidad 50%</span>
                
                <span class="article_price" itemprop="price"><span id="list_price_116089">4,30</span></span>
                <span class="currency">€</span>
                <script>
                    formatNumber('4.3', 'list_price_116089');
                </script>
            

            <meta itemprop="priceCurrency" content="EUR">
            <div class="unit_container">
                
                    <a class="substract_button" title="Menos" href="javascript:void(0);">-</a>
                
                <label class="quantity_container">
                    
                        
                            <input class="input_quantity_product" id="item_quantity_116089" type="number" data-product="116089" value="" min="1" max="999" required="" autocomplete="off">
                        
                    
                </label>
                
                    <a class="add_button" title="Más" href="javascript:void(0);">+</a>
                    <a class="added_tick" title="Cambiar unidades" href="javascript:void(0);"></a>
                
            </div>

            
                
                    <div class="article_pum">
                        <span>      4,30€/Litro</span>
                    </div>
                
            

            
                
                    <a data-product-id="116089" class="orange_button btn_add2cart" title="Añadir al carrito" onclick="dataLayer.push({event: 'event_gtm',category:'acciones usuario', action:'a�adir producto desde listado'})" href="javascript:addToCartFromItemList('116089')">AÑADIR AL CARRITO &gt;</a>
                
            
            <span class="added_button">En carrito</span>

            
            
            <a class="white_button" title="Añadir a mi lista" href="javascript:addToListFromItemList('116089')" onclick="dataLayer.push({event: 'event_gtm',category:'acciones usuario', action:'a�adir producto a lista'});">Añadir a mi lista</a>
            
            
        </div>

        
            <a class="article_link" title="Ver ficha de CALDO ANETO DE POLLO NATURAL BAJO EN SAL 1 L" href="/CALDO-ANETO-DE-POLLO-NATURAL-BAJO-EN-SAL-1-L_116089_prd_es_ES.jsp" onclick="javascript:callingTaggingEnpoints('')" itemprop="url"></a>
        
        <div class="hover_container">
            <div class="hover">
                <div class="info_symbol"></div>
            </div>
        </div>

        
            <img width="116" height="114" src="//static.condisline.com/resize_128x128/images/product_icons_corner/promocion_50.png" alt="Segunda Unidad 50% descuento" class="promotion_image">
        

        
        <!-- <a class="more_info" title="Más información sobre la promoción" href="javascript:void(0);"> -->
        <a class="more_info" href="javascript:void(0);">
            <span class="tooltip">
                Segunda Unidad 50% descuento
                <span class="arrow"></span>
            </span>
        </a>
        
    </article>
            </li>
        
            <li class="article" itemprop="itemListElement" itemscope="" itemtype="http://schema.org/Product">
                
    <article class="article_container" id="item_description_116195">


    
        <a class="article_name" title="Ver ficha de CALDO GALLINA BLANCA ESCUDELLA 1 L" href="/CALDO-GALLINA-BLANCA-ESCUDELLA-1-L_116195_prd_es_ES.jsp" itemprop="url"><span itemprop="name" id="description_text">CALDO GALLINA BLANCA ESCUDELLA 1 L</span></a>
    

        <!--informacion de gluten y calorias -->
        <div class="info_container">

            
                <span class="calories">4 <span>kcal</span></span>
                <a class="info" title="Producto con 4 kilocalorías" href="javascript:void(0);">
                    <span class="info_text">Producto con 4 kilocalorías.</span>
                </a>
            

            
                
                    <img class="info_icon" alt="10% Descuento para suscriptores Condisline Prime" src="//static.condisline.com/resize_39x39/images/product_icons/icon_subscription.png" width="39" height="39">

                    
                        <a class="info" title="10% Descuento para suscriptores Condisline Prime" href="javascript:void(0);">
                            <span class="info_text">10% Descuento para suscriptores Condisline Prime</span>
                        </a>
                    
                
                    <img class="info_icon" alt="Producto sin gluten" src="//static.condisline.com/resize_39x39/images/product_icons/no_gluten.png" width="39" height="39">

                    
                        <a class="info" title="Producto sin gluten" href="javascript:void(0);">
                            <span class="info_text">Producto sin gluten</span>
                        </a>
                    
                
            
        </div>

        <img class="article_image" alt="CALDO GALLINA BLANCA ESCUDELLA 1 L" data-original="//static.condisline.com/resize_190x200/images/catalog/large/116195.jpg" src="//static.condisline.com/resize_190x200/images/catalog/large/116195.jpg" width="190" height="200" style="display: block;">

        <meta itemprop="image" content="//static.condisline.com/resize_190x200/images/catalog/large/116195.jpg">

        <div class="article_price_container" itemprop="offers" itemscope="" itemtype="http://schema.org/Offer">

            <!-- Price -->
            
                
                    <span class="offer">Segunda Unidad 50%</span>
                
                <span class="article_price" itemprop="price"><span id="list_price_116195">2,20</span></span>
                <span class="currency">€</span>
                <script>
                    formatNumber('2.2', 'list_price_116195');
                </script>
            

            <meta itemprop="priceCurrency" content="EUR">
            <div class="unit_container">
                
                    <a class="substract_button" title="Menos" href="javascript:void(0);">-</a>
                
                <label class="quantity_container">
                    
                        
                            <input class="input_quantity_product" id="item_quantity_116195" type="number" data-product="116195" value="" min="1" max="999" required="" autocomplete="off">
                        
                    
                </label>
                
                    <a class="add_button" title="Más" href="javascript:void(0);">+</a>
                    <a class="added_tick" title="Cambiar unidades" href="javascript:void(0);"></a>
                
            </div>

            
                
                    <div class="article_pum">
                        <span>      2,20€/Litro</span>
                    </div>
                
            

            
                
                    <a data-product-id="116195" class="orange_button btn_add2cart" title="Añadir al carrito" onclick="dataLayer.push({event: 'event_gtm',category:'acciones usuario', action:'a�adir producto desde listado'})" href="javascript:addToCartFromItemList('116195')">AÑADIR AL CARRITO &gt;</a>
                
            
            <span class="added_button">En carrito</span>

            
            
            <a class="white_button" title="Añadir a mi lista" href="javascript:addToListFromItemList('116195')" onclick="dataLayer.push({event: 'event_gtm',category:'acciones usuario', action:'a�adir producto a lista'});">Añadir a mi lista</a>
            
            
        </div>

        
            <a class="article_link" title="Ver ficha de CALDO GALLINA BLANCA ESCUDELLA 1 L" href="/CALDO-GALLINA-BLANCA-ESCUDELLA-1-L_116195_prd_es_ES.jsp" onclick="javascript:callingTaggingEnpoints('')" itemprop="url"></a>
        
        <div class="hover_container">
            <div class="hover">
                <div class="info_symbol"></div>
            </div>
        </div>

        
            <img width="116" height="114" src="//static.condisline.com/resize_128x128/images/product_icons_corner/promocion_50.png" alt="Segunda Unidad 50% descuento" class="promotion_image">
        

        
        <!-- <a class="more_info" title="Más información sobre la promoción" href="javascript:void(0);"> -->
        <a class="more_info" href="javascript:void(0);">
            <span class="tooltip">
                Segunda Unidad 50% descuento
                <span class="arrow"></span>
            </span>
        </a>
        
    </article>
            </li>
        
            <li class="article" itemprop="itemListElement" itemscope="" itemtype="http://schema.org/Product">
                
    <article class="article_container" id="item_description_116194">


    
        <a class="article_name" title="Ver ficha de CALDO GALLINA BLANCA CASERO COCIDO 1 L" href="/CALDO-GALLINA-BLANCA-CASERO-COCIDO-1-L_116194_prd_es_ES.jsp" itemprop="url"><span itemprop="name" id="description_text">CALDO GALLINA BLANCA CASERO COCIDO 1 L</span></a>
    

        <!--informacion de gluten y calorias -->
        <div class="info_container">

            
                <span class="calories">4 <span>kcal</span></span>
                <a class="info" title="Producto con 4 kilocalorías" href="javascript:void(0);">
                    <span class="info_text">Producto con 4 kilocalorías.</span>
                </a>
            

            
                
                    <img class="info_icon" alt="10% Descuento para suscriptores Condisline Prime" src="//static.condisline.com/resize_39x39/images/product_icons/icon_subscription.png" width="39" height="39">

                    
                        <a class="info" title="10% Descuento para suscriptores Condisline Prime" href="javascript:void(0);">
                            <span class="info_text">10% Descuento para suscriptores Condisline Prime</span>
                        </a>
                    
                
                    <img class="info_icon" alt="Producto sin gluten" src="//static.condisline.com/resize_39x39/images/product_icons/no_gluten.png" width="39" height="39">

                    
                        <a class="info" title="Producto sin gluten" href="javascript:void(0);">
                            <span class="info_text">Producto sin gluten</span>
                        </a>
                    
                
            
        </div>

        <img class="article_image" alt="CALDO GALLINA BLANCA CASERO COCIDO 1 L" data-original="//static.condisline.com/resize_190x200/images/catalog/large/116194.jpg" src="//static.condisline.com/resize_190x200/images/catalog/large/116194.jpg" width="190" height="200" style="display: block;">

        <meta itemprop="image" content="//static.condisline.com/resize_190x200/images/catalog/large/116194.jpg">

        <div class="article_price_container" itemprop="offers" itemscope="" itemtype="http://schema.org/Offer">

            <!-- Price -->
            
                
                    <span class="offer">Segunda Unidad 50%</span>
                
                <span class="article_price" itemprop="price"><span id="list_price_116194">2,20</span></span>
                <span class="currency">€</span>
                <script>
                    formatNumber('2.2', 'list_price_116194');
                </script>
            

            <meta itemprop="priceCurrency" content="EUR">
            <div class="unit_container">
                
                    <a class="substract_button" title="Menos" href="javascript:void(0);">-</a>
                
                <label class="quantity_container">
                    
                        
                            <input class="input_quantity_product" id="item_quantity_116194" type="number" data-product="116194" value="" min="1" max="999" required="" autocomplete="off">
                        
                    
                </label>
                
                    <a class="add_button" title="Más" href="javascript:void(0);">+</a>
                    <a class="added_tick" title="Cambiar unidades" href="javascript:void(0);"></a>
                
            </div>

            
                
                    <div class="article_pum">
                        <span>      2,20€/Litro</span>
                    </div>
                
            

            
                
                    <a data-product-id="116194" class="orange_button btn_add2cart" title="Añadir al carrito" onclick="dataLayer.push({event: 'event_gtm',category:'acciones usuario', action:'a�adir producto desde listado'})" href="javascript:addToCartFromItemList('116194')">AÑADIR AL CARRITO &gt;</a>
                
            
            <span class="added_button">En carrito</span>

            
            
            <a class="white_button" title="Añadir a mi lista" href="javascript:addToListFromItemList('116194')" onclick="dataLayer.push({event: 'event_gtm',category:'acciones usuario', action:'a�adir producto a lista'});">Añadir a mi lista</a>
            
            
        </div>

        
            <a class="article_link" title="Ver ficha de CALDO GALLINA BLANCA CASERO COCIDO 1 L" href="/CALDO-GALLINA-BLANCA-CASERO-COCIDO-1-L_116194_prd_es_ES.jsp" onclick="javascript:callingTaggingEnpoints('')" itemprop="url"></a>
        
        <div class="hover_container">
            <div class="hover">
                <div class="info_symbol"></div>
            </div>
        </div>

        
            <img width="116" height="114" src="//static.condisline.com/resize_128x128/images/product_icons_corner/promocion_50.png" alt="Segunda Unidad 50% descuento" class="promotion_image">
        

        
        <!-- <a class="more_info" title="Más información sobre la promoción" href="javascript:void(0);"> -->
        <a class="more_info" href="javascript:void(0);">
            <span class="tooltip">
                Segunda Unidad 50% descuento
                <span class="arrow"></span>
            </span>
        </a>
        
    </article>
            </li>
        
            <li class="article" itemprop="itemListElement" itemscope="" itemtype="http://schema.org/Product">
                
    <article class="article_container" id="item_description_116227">


    
        <a class="article_name" title="Ver ficha de CALDO GALLINA BLANCA FIDEUÁ 1 L" href="/CALDO-GALLINA-BLANCA-FIDEUA-1-L_116227_prd_es_ES.jsp" itemprop="url"><span itemprop="name" id="description_text">CALDO GALLINA BLANCA FIDEUÁ 1 L</span></a>
    

        <!--informacion de gluten y calorias -->
        <div class="info_container">

            
                <span class="calories">11 <span>kcal</span></span>
                <a class="info" title="Producto con 11 kilocalorías" href="javascript:void(0);">
                    <span class="info_text">Producto con 11 kilocalorías.</span>
                </a>
            

            
                
                    <img class="info_icon" alt="10% Descuento para suscriptores Condisline Prime" src="//static.condisline.com/resize_39x39/images/product_icons/icon_subscription.png" width="39" height="39">

                    
                        <a class="info" title="10% Descuento para suscriptores Condisline Prime" href="javascript:void(0);">
                            <span class="info_text">10% Descuento para suscriptores Condisline Prime</span>
                        </a>
                    
                
                    <img class="info_icon" alt="Producto sin gluten" src="//static.condisline.com/resize_39x39/images/product_icons/no_gluten.png" width="39" height="39">

                    
                        <a class="info" title="Producto sin gluten" href="javascript:void(0);">
                            <span class="info_text">Producto sin gluten</span>
                        </a>
                    
                
            
        </div>

        <img class="article_image" alt="CALDO GALLINA BLANCA FIDEUÁ 1 L" data-original="//static.condisline.com/resize_190x200/images/catalog/large/116227.jpg" src="//static.condisline.com/resize_190x200/images/catalog/large/116227.jpg" width="190" height="200" style="display: block;">

        <meta itemprop="image" content="//static.condisline.com/resize_190x200/images/catalog/large/116227.jpg">

        <div class="article_price_container" itemprop="offers" itemscope="" itemtype="http://schema.org/Offer">

            <!-- Price -->
            
                
                    <span class="offer">Segunda Unidad 70%</span>
                
                <span class="article_price" itemprop="price"><span id="list_price_116227">3,49</span></span>
                <span class="currency">€</span>
                <script>
                    formatNumber('3.49', 'list_price_116227');
                </script>
            

            <meta itemprop="priceCurrency" content="EUR">
            <div class="unit_container">
                
                    <a class="substract_button" title="Menos" href="javascript:void(0);">-</a>
                
                <label class="quantity_container">
                    
                        
                            <input class="input_quantity_product" id="item_quantity_116227" type="number" data-product="116227" value="" min="1" max="999" required="" autocomplete="off">
                        
                    
                </label>
                
                    <a class="add_button" title="Más" href="javascript:void(0);">+</a>
                    <a class="added_tick" title="Cambiar unidades" href="javascript:void(0);"></a>
                
            </div>

            
                
                    <div class="article_pum">
                        <span>      3,49€/Litro</span>
                    </div>
                
            

            
                
                    <a data-product-id="116227" class="orange_button btn_add2cart" title="Añadir al carrito" onclick="dataLayer.push({event: 'event_gtm',category:'acciones usuario', action:'a�adir producto desde listado'})" href="javascript:addToCartFromItemList('116227')">AÑADIR AL CARRITO &gt;</a>
                
            
            <span class="added_button">En carrito</span>

            
            
            <a class="white_button" title="Añadir a mi lista" href="javascript:addToListFromItemList('116227')" onclick="dataLayer.push({event: 'event_gtm',category:'acciones usuario', action:'a�adir producto a lista'});">Añadir a mi lista</a>
            
            
        </div>

        
            <a class="article_link" title="Ver ficha de CALDO GALLINA BLANCA FIDEUÁ 1 L" href="/CALDO-GALLINA-BLANCA-FIDEUA-1-L_116227_prd_es_ES.jsp" onclick="javascript:callingTaggingEnpoints('')" itemprop="url"></a>
        
        <div class="hover_container">
            <div class="hover">
                <div class="info_symbol"></div>
            </div>
        </div>

        
            <img width="116" height="114" src="//static.condisline.com/resize_128x128/images/product_icons_corner/promocion_70.png" alt="Segunda Unidad 70% descuento" class="promotion_image">
        

        
        <!-- <a class="more_info" title="Más información sobre la promoción" href="javascript:void(0);"> -->
        <a class="more_info" href="javascript:void(0);">
            <span class="tooltip">
                Segunda Unidad 70% descuento
                <span class="arrow"></span>
            </span>
        </a>
        
    </article>
            </li>
        
            <li class="article" itemprop="itemListElement" itemscope="" itemtype="http://schema.org/Product">
                
    <article class="article_container" id="item_description_116366">


    
        <a class="article_name" title="Ver ficha de CALDO POLL GALLINA BLANCA 8 VERDURAS 1000 ML" href="/CALDO-POLL-GALLINA-BLANCA-8-VERDURAS-1000-ML_116366_prd_es_ES.jsp" itemprop="url"><span itemprop="name" id="description_text">CALDO POLL GALLINA BLANCA 8 VERDURAS 1000 ML</span></a>
    

        <!--informacion de gluten y calorias -->
        <div class="info_container">

            

            
                
                    <img class="info_icon" alt="10% Descuento para suscriptores Condisline Prime" src="//static.condisline.com/resize_39x39/images/product_icons/icon_subscription.png" width="39" height="39">

                    
                        <a class="info" title="10% Descuento para suscriptores Condisline Prime" href="javascript:void(0);">
                            <span class="info_text">10% Descuento para suscriptores Condisline Prime</span>
                        </a>
                    
                
            
        </div>

        <img class="article_image" alt="CALDO POLL GALLINA BLANCA 8 VERDURAS 1000 ML" data-original="//static.condisline.com/resize_190x200/images/catalog/large/116366.jpg" src="//static.condisline.com/resize_190x200/images/catalog/large/116366.jpg" width="190" height="200" style="display: block;">

        <meta itemprop="image" content="//static.condisline.com/resize_190x200/images/catalog/large/116366.jpg">

        <div class="article_price_container" itemprop="offers" itemscope="" itemtype="http://schema.org/Offer">

            <!-- Price -->
            
                
                    <span class="offer">Segunda Unidad 50%</span>
                
                <span class="article_price" itemprop="price"><span id="list_price_116366">2,20</span></span>
                <span class="currency">€</span>
                <script>
                    formatNumber('2.2', 'list_price_116366');
                </script>
            

            <meta itemprop="priceCurrency" content="EUR">
            <div class="unit_container">
                
                    <a class="substract_button" title="Menos" href="javascript:void(0);">-</a>
                
                <label class="quantity_container">
                    
                        
                            <input class="input_quantity_product" id="item_quantity_116366" type="number" data-product="116366" value="" min="1" max="999" required="" autocomplete="off">
                        
                    
                </label>
                
                    <a class="add_button" title="Más" href="javascript:void(0);">+</a>
                    <a class="added_tick" title="Cambiar unidades" href="javascript:void(0);"></a>
                
            </div>

            
                
                    <div class="article_pum">
                        <span>      2,20€/Litro</span>
                    </div>
                
            

            
                
                    <a data-product-id="116366" class="orange_button btn_add2cart" title="Añadir al carrito" onclick="dataLayer.push({event: 'event_gtm',category:'acciones usuario', action:'a�adir producto desde listado'})" href="javascript:addToCartFromItemList('116366')">AÑADIR AL CARRITO &gt;</a>
                
            
            <span class="added_button">En carrito</span>

            
            
            <a class="white_button" title="Añadir a mi lista" href="javascript:addToListFromItemList('116366')" onclick="dataLayer.push({event: 'event_gtm',category:'acciones usuario', action:'a�adir producto a lista'});">Añadir a mi lista</a>
            
            
        </div>

        
            <a class="article_link" title="Ver ficha de CALDO POLL GALLINA BLANCA 8 VERDURAS 1000 ML" href="/CALDO-POLL-GALLINA-BLANCA-8-VERDURAS-1000-ML_116366_prd_es_ES.jsp" onclick="javascript:callingTaggingEnpoints('')" itemprop="url"></a>
        
        <div class="hover_container">
            <div class="hover">
                <div class="info_symbol"></div>
            </div>
        </div>

        
            <img width="116" height="114" src="//static.condisline.com/resize_128x128/images/product_icons_corner/promocion_50.png" alt="Segunda Unidad 50% descuento" class="promotion_image">
        

        
        <!-- <a class="more_info" title="Más información sobre la promoción" href="javascript:void(0);"> -->
        <a class="more_info" href="javascript:void(0);">
            <span class="tooltip">
                Segunda Unidad 50% descuento
                <span class="arrow"></span>
            </span>
        </a>
        
    </article>
            </li>
        
            <li class="article" itemprop="itemListElement" itemscope="" itemtype="http://schema.org/Product">
                
    <article class="article_container" id="item_description_116199">


    
        <a class="article_name" title="Ver ficha de CALDO GALLINA BLANCA CASERO CARNE 1 L" href="/CALDO-GALLINA-BLANCA-CASERO-CARNE-1-L_116199_prd_es_ES.jsp" itemprop="url"><span itemprop="name" id="description_text">CALDO GALLINA BLANCA CASERO CARNE 1 L</span></a>
    

        <!--informacion de gluten y calorias -->
        <div class="info_container">

            
                <span class="calories">3 <span>kcal</span></span>
                <a class="info" title="Producto con 3 kilocalorías" href="javascript:void(0);">
                    <span class="info_text">Producto con 3 kilocalorías.</span>
                </a>
            

            
                
                    <img class="info_icon" alt="10% Descuento para suscriptores Condisline Prime" src="//static.condisline.com/resize_39x39/images/product_icons/icon_subscription.png" width="39" height="39">

                    
                        <a class="info" title="10% Descuento para suscriptores Condisline Prime" href="javascript:void(0);">
                            <span class="info_text">10% Descuento para suscriptores Condisline Prime</span>
                        </a>
                    
                
                    <img class="info_icon" alt="Producto sin gluten" src="//static.condisline.com/resize_39x39/images/product_icons/no_gluten.png" width="39" height="39">

                    
                        <a class="info" title="Producto sin gluten" href="javascript:void(0);">
                            <span class="info_text">Producto sin gluten</span>
                        </a>
                    
                
            
        </div>

        <img class="article_image" alt="CALDO GALLINA BLANCA CASERO CARNE 1 L" data-original="//static.condisline.com/resize_190x200/images/catalog/large/116199.jpg" src="//static.condisline.com/resize_190x200/images/catalog/large/116199.jpg" width="190" height="200" style="display: block;">

        <meta itemprop="image" content="//static.condisline.com/resize_190x200/images/catalog/large/116199.jpg">

        <div class="article_price_container" itemprop="offers" itemscope="" itemtype="http://schema.org/Offer">

            <!-- Price -->
            
                
                    <span class="offer">Segunda Unidad 50%</span>
                
                <span class="article_price" itemprop="price"><span id="list_price_116199">2,20</span></span>
                <span class="currency">€</span>
                <script>
                    formatNumber('2.2', 'list_price_116199');
                </script>
            

            <meta itemprop="priceCurrency" content="EUR">
            <div class="unit_container">
                
                    <a class="substract_button" title="Menos" href="javascript:void(0);">-</a>
                
                <label class="quantity_container">
                    
                        
                            <input class="input_quantity_product" id="item_quantity_116199" type="number" data-product="116199" value="" min="1" max="999" required="" autocomplete="off">
                        
                    
                </label>
                
                    <a class="add_button" title="Más" href="javascript:void(0);">+</a>
                    <a class="added_tick" title="Cambiar unidades" href="javascript:void(0);"></a>
                
            </div>

            
                
                    <div class="article_pum">
                        <span>      2,20€/Litro</span>
                    </div>
                
            

            
                
                    <a data-product-id="116199" class="orange_button btn_add2cart" title="Añadir al carrito" onclick="dataLayer.push({event: 'event_gtm',category:'acciones usuario', action:'a�adir producto desde listado'})" href="javascript:addToCartFromItemList('116199')">AÑADIR AL CARRITO &gt;</a>
                
            
            <span class="added_button">En carrito</span>

            
            
            <a class="white_button" title="Añadir a mi lista" href="javascript:addToListFromItemList('116199')" onclick="dataLayer.push({event: 'event_gtm',category:'acciones usuario', action:'a�adir producto a lista'});">Añadir a mi lista</a>
            
            
        </div>

        
            <a class="article_link" title="Ver ficha de CALDO GALLINA BLANCA CASERO CARNE 1 L" href="/CALDO-GALLINA-BLANCA-CASERO-CARNE-1-L_116199_prd_es_ES.jsp" onclick="javascript:callingTaggingEnpoints('')" itemprop="url"></a>
        
        <div class="hover_container">
            <div class="hover">
                <div class="info_symbol"></div>
            </div>
        </div>

        
            <img width="116" height="114" src="//static.condisline.com/resize_128x128/images/product_icons_corner/promocion_50.png" alt="Segunda Unidad 50% descuento" class="promotion_image">
        

        
        <!-- <a class="more_info" title="Más información sobre la promoción" href="javascript:void(0);"> -->
        <a class="more_info" href="javascript:void(0);">
            <span class="tooltip">
                Segunda Unidad 50% descuento
                <span class="arrow"></span>
            </span>
        </a>
        
    </article>
            </li>
        
            <li class="article" itemprop="itemListElement" itemscope="" itemtype="http://schema.org/Product">
                
    <article class="article_container" id="item_description_110221">


    
        <a class="article_name" title="Ver ficha de CALDO GALLINA BLANCA PARA PAELLA FÁCIL DE MARISCO 1 L" href="/CALDO-GALLINA-BLANCA-PARA-PAELLA-FACIL-DE-MARISCO-1-L_110221_prd_es_ES.jsp" itemprop="url"><span itemprop="name" id="description_text">CALDO GALLINA BLANCA PARA PAELLA FÁCIL DE MARISCO 1 L</span></a>
    

        <!--informacion de gluten y calorias -->
        <div class="info_container">

            
                <span class="calories">13 <span>kcal</span></span>
                <a class="info" title="Producto con 13 kilocalorías" href="javascript:void(0);">
                    <span class="info_text">Producto con 13 kilocalorías.</span>
                </a>
            

            
                
                    <img class="info_icon" alt="10% Descuento para suscriptores Condisline Prime" src="//static.condisline.com/resize_39x39/images/product_icons/icon_subscription.png" width="39" height="39">

                    
                        <a class="info" title="10% Descuento para suscriptores Condisline Prime" href="javascript:void(0);">
                            <span class="info_text">10% Descuento para suscriptores Condisline Prime</span>
                        </a>
                    
                
                    <img class="info_icon" alt="Producto sin gluten" src="//static.condisline.com/resize_39x39/images/product_icons/no_gluten.png" width="39" height="39">

                    
                        <a class="info" title="Producto sin gluten" href="javascript:void(0);">
                            <span class="info_text">Producto sin gluten</span>
                        </a>
                    
                
            
        </div>

        <img class="article_image" alt="CALDO GALLINA BLANCA PARA PAELLA FÁCIL DE MARISCO 1 L" data-original="//static.condisline.com/resize_190x200/images/catalog/large/110221.jpg" src="//static.condisline.com/resize_190x200/images/catalog/large/110221.jpg" width="190" height="200" style="display: block;">

        <meta itemprop="image" content="//static.condisline.com/resize_190x200/images/catalog/large/110221.jpg">

        <div class="article_price_container" itemprop="offers" itemscope="" itemtype="http://schema.org/Offer">

            <!-- Price -->
            
                
                    <span class="offer">Segunda Unidad 70%</span>
                
                <span class="article_price" itemprop="price"><span id="list_price_110221">3,49</span></span>
                <span class="currency">€</span>
                <script>
                    formatNumber('3.49', 'list_price_110221');
                </script>
            

            <meta itemprop="priceCurrency" content="EUR">
            <div class="unit_container">
                
                    <a class="substract_button" title="Menos" href="javascript:void(0);">-</a>
                
                <label class="quantity_container">
                    
                        
                            <input class="input_quantity_product" id="item_quantity_110221" type="number" data-product="110221" value="" min="1" max="999" required="" autocomplete="off">
                        
                    
                </label>
                
                    <a class="add_button" title="Más" href="javascript:void(0);">+</a>
                    <a class="added_tick" title="Cambiar unidades" href="javascript:void(0);"></a>
                
            </div>

            
                
                    <div class="article_pum">
                        <span>      3,49€/Litro</span>
                    </div>
                
            

            
                
                    <a data-product-id="110221" class="orange_button btn_add2cart" title="Añadir al carrito" onclick="dataLayer.push({event: 'event_gtm',category:'acciones usuario', action:'a�adir producto desde listado'})" href="javascript:addToCartFromItemList('110221')">AÑADIR AL CARRITO &gt;</a>
                
            
            <span class="added_button">En carrito</span>

            
            
            <a class="white_button" title="Añadir a mi lista" href="javascript:addToListFromItemList('110221')" onclick="dataLayer.push({event: 'event_gtm',category:'acciones usuario', action:'a�adir producto a lista'});">Añadir a mi lista</a>
            
            
        </div>

        
            <a class="article_link" title="Ver ficha de CALDO GALLINA BLANCA PARA PAELLA FÁCIL DE MARISCO 1 L" href="/CALDO-GALLINA-BLANCA-PARA-PAELLA-FACIL-DE-MARISCO-1-L_110221_prd_es_ES.jsp" onclick="javascript:callingTaggingEnpoints('')" itemprop="url"></a>
        
        <div class="hover_container">
            <div class="hover">
                <div class="info_symbol"></div>
            </div>
        </div>

        
            <img width="116" height="114" src="//static.condisline.com/resize_128x128/images/product_icons_corner/promocion_70.png" alt="Segunda Unidad 70% descuento" class="promotion_image">
        

        
        <!-- <a class="more_info" title="Más información sobre la promoción" href="javascript:void(0);"> -->
        <a class="more_info" href="javascript:void(0);">
            <span class="tooltip">
                Segunda Unidad 70% descuento
                <span class="arrow"></span>
            </span>
        </a>
        
    </article>
            </li>
        
            <li class="article" itemprop="itemListElement" itemscope="" itemtype="http://schema.org/Product">
                
    <article class="article_container" id="item_description_116193">


    
        <a class="article_name" title="Ver ficha de CALDO GALLINA BLANCA CASERO PESCADO 1 L" href="/CALDO-GALLINA-BLANCA-CASERO-PESCADO-1-L_116193_prd_es_ES.jsp" itemprop="url"><span itemprop="name" id="description_text">CALDO GALLINA BLANCA CASERO PESCADO 1 L</span></a>
    

        <!--informacion de gluten y calorias -->
        <div class="info_container">

            
                <span class="calories">6 <span>kcal</span></span>
                <a class="info" title="Producto con 6 kilocalorías" href="javascript:void(0);">
                    <span class="info_text">Producto con 6 kilocalorías.</span>
                </a>
            

            
                
                    <img class="info_icon" alt="10% Descuento para suscriptores Condisline Prime" src="//static.condisline.com/resize_39x39/images/product_icons/icon_subscription.png" width="39" height="39">

                    
                        <a class="info" title="10% Descuento para suscriptores Condisline Prime" href="javascript:void(0);">
                            <span class="info_text">10% Descuento para suscriptores Condisline Prime</span>
                        </a>
                    
                
                    <img class="info_icon" alt="Producto sin gluten" src="//static.condisline.com/resize_39x39/images/product_icons/no_gluten.png" width="39" height="39">

                    
                        <a class="info" title="Producto sin gluten" href="javascript:void(0);">
                            <span class="info_text">Producto sin gluten</span>
                        </a>
                    
                
            
        </div>

        <img class="article_image" alt="CALDO GALLINA BLANCA CASERO PESCADO 1 L" data-original="//static.condisline.com/resize_190x200/images/catalog/large/116193.jpg" src="//static.condisline.com/resize_190x200/images/catalog/large/116193.jpg" width="190" height="200" style="display: block;">

        <meta itemprop="image" content="//static.condisline.com/resize_190x200/images/catalog/large/116193.jpg">

        <div class="article_price_container" itemprop="offers" itemscope="" itemtype="http://schema.org/Offer">

            <!-- Price -->
            
                
                    <span class="offer">Segunda Unidad 50%</span>
                
                <span class="article_price" itemprop="price"><span id="list_price_116193">2,20</span></span>
                <span class="currency">€</span>
                <script>
                    formatNumber('2.2', 'list_price_116193');
                </script>
            

            <meta itemprop="priceCurrency" content="EUR">
            <div class="unit_container">
                
                    <a class="substract_button" title="Menos" href="javascript:void(0);">-</a>
                
                <label class="quantity_container">
                    
                        
                            <input class="input_quantity_product" id="item_quantity_116193" type="number" data-product="116193" value="" min="1" max="999" required="" autocomplete="off">
                        
                    
                </label>
                
                    <a class="add_button" title="Más" href="javascript:void(0);">+</a>
                    <a class="added_tick" title="Cambiar unidades" href="javascript:void(0);"></a>
                
            </div>

            
                
                    <div class="article_pum">
                        <span>      2,20€/Litro</span>
                    </div>
                
            

            
                
                    <a data-product-id="116193" class="orange_button btn_add2cart" title="Añadir al carrito" onclick="dataLayer.push({event: 'event_gtm',category:'acciones usuario', action:'a�adir producto desde listado'})" href="javascript:addToCartFromItemList('116193')">AÑADIR AL CARRITO &gt;</a>
                
            
            <span class="added_button">En carrito</span>

            
            
            <a class="white_button" title="Añadir a mi lista" href="javascript:addToListFromItemList('116193')" onclick="dataLayer.push({event: 'event_gtm',category:'acciones usuario', action:'a�adir producto a lista'});">Añadir a mi lista</a>
            
            
        </div>

        
            <a class="article_link" title="Ver ficha de CALDO GALLINA BLANCA CASERO PESCADO 1 L" href="/CALDO-GALLINA-BLANCA-CASERO-PESCADO-1-L_116193_prd_es_ES.jsp" onclick="javascript:callingTaggingEnpoints('')" itemprop="url"></a>
        
        <div class="hover_container">
            <div class="hover">
                <div class="info_symbol"></div>
            </div>
        </div>

        
            <img width="116" height="114" src="//static.condisline.com/resize_128x128/images/product_icons_corner/promocion_50.png" alt="Segunda Unidad 50% descuento" class="promotion_image">
        

        
        <!-- <a class="more_info" title="Más información sobre la promoción" href="javascript:void(0);"> -->
        <a class="more_info" href="javascript:void(0);">
            <span class="tooltip">
                Segunda Unidad 50% descuento
                <span class="arrow"></span>
            </span>
        </a>
        
    </article>
            </li>
        
            <li class="article" itemprop="itemListElement" itemscope="" itemtype="http://schema.org/Product">
                
    <article class="article_container" id="item_description_116359">


    
        <a class="article_name" title="Ver ficha de CALDO GALLINA BLANCA FUMET BRICK 1 L" href="/CALDO-GALLINA-BLANCA-FUMET-BRICK-1-L_116359_prd_es_ES.jsp" itemprop="url"><span itemprop="name" id="description_text">CALDO GALLINA BLANCA FUMET BRICK 1 L</span></a>
    

        <!--informacion de gluten y calorias -->
        <div class="info_container">

            
                <span class="calories">7 <span>kcal</span></span>
                <a class="info" title="Producto con 7 kilocalorías" href="javascript:void(0);">
                    <span class="info_text">Producto con 7 kilocalorías.</span>
                </a>
            

            
                
                    <img class="info_icon" alt="10% Descuento para suscriptores Condisline Prime" src="//static.condisline.com/resize_39x39/images/product_icons/icon_subscription.png" width="39" height="39">

                    
                        <a class="info" title="10% Descuento para suscriptores Condisline Prime" href="javascript:void(0);">
                            <span class="info_text">10% Descuento para suscriptores Condisline Prime</span>
                        </a>
                    
                
            
        </div>

        <img class="article_image" alt="CALDO GALLINA BLANCA FUMET BRICK 1 L" data-original="//static.condisline.com/resize_190x200/images/catalog/large/116359.jpg" src="//static.condisline.com/resize_190x200/images/catalog/large/116359.jpg" width="190" height="200" style="display: block;">

        <meta itemprop="image" content="//static.condisline.com/resize_190x200/images/catalog/large/116359.jpg">

        <div class="article_price_container" itemprop="offers" itemscope="" itemtype="http://schema.org/Offer">

            <!-- Price -->
            
                
                    <span class="offer">Segunda Unidad 70%</span>
                
                <span class="article_price" itemprop="price"><span id="list_price_116359">3,49</span></span>
                <span class="currency">€</span>
                <script>
                    formatNumber('3.49', 'list_price_116359');
                </script>
            

            <meta itemprop="priceCurrency" content="EUR">
            <div class="unit_container">
                
                    <a class="substract_button" title="Menos" href="javascript:void(0);">-</a>
                
                <label class="quantity_container">
                    
                        
                            <input class="input_quantity_product" id="item_quantity_116359" type="number" data-product="116359" value="" min="1" max="999" required="" autocomplete="off">
                        
                    
                </label>
                
                    <a class="add_button" title="Más" href="javascript:void(0);">+</a>
                    <a class="added_tick" title="Cambiar unidades" href="javascript:void(0);"></a>
                
            </div>

            
                
                    <div class="article_pum">
                        <span>      3,49€/Litro</span>
                    </div>
                
            

            
                
                    <a data-product-id="116359" class="orange_button btn_add2cart" title="Añadir al carrito" onclick="dataLayer.push({event: 'event_gtm',category:'acciones usuario', action:'a�adir producto desde listado'})" href="javascript:addToCartFromItemList('116359')">AÑADIR AL CARRITO &gt;</a>
                
            
            <span class="added_button">En carrito</span>

            
            
            <a class="white_button" title="Añadir a mi lista" href="javascript:addToListFromItemList('116359')" onclick="dataLayer.push({event: 'event_gtm',category:'acciones usuario', action:'a�adir producto a lista'});">Añadir a mi lista</a>
            
            
        </div>

        
            <a class="article_link" title="Ver ficha de CALDO GALLINA BLANCA FUMET BRICK 1 L" href="/CALDO-GALLINA-BLANCA-FUMET-BRICK-1-L_116359_prd_es_ES.jsp" onclick="javascript:callingTaggingEnpoints('')" itemprop="url"></a>
        
        <div class="hover_container">
            <div class="hover">
                <div class="info_symbol"></div>
            </div>
        </div>

        
            <img width="116" height="114" src="//static.condisline.com/resize_128x128/images/product_icons_corner/promocion_70.png" alt="Segunda Unidad 70% descuento" class="promotion_image">
        

        
        <!-- <a class="more_info" title="Más información sobre la promoción" href="javascript:void(0);"> -->
        <a class="more_info" href="javascript:void(0);">
            <span class="tooltip">
                Segunda Unidad 70% descuento
                <span class="arrow"></span>
            </span>
        </a>
        
    </article>
            </li>
        
            <li class="article" itemprop="itemListElement" itemscope="" itemtype="http://schema.org/Product">
                
    <article class="article_container" id="item_description_116351">


    
        <a class="article_name" title="Ver ficha de CALDO G.BLANCA PAELLA MIXTA 1 L" href="/CALDO-G-BLANCA-PAELLA-MIXTA-1-L_116351_prd_es_ES.jsp" itemprop="url"><span itemprop="name" id="description_text">CALDO G.BLANCA PAELLA MIXTA 1 L</span></a>
    

        <!--informacion de gluten y calorias -->
        <div class="info_container">

            
                <span class="calories">13 <span>kcal</span></span>
                <a class="info" title="Producto con 13 kilocalorías" href="javascript:void(0);">
                    <span class="info_text">Producto con 13 kilocalorías.</span>
                </a>
            

            
                
                    <img class="info_icon" alt="10% Descuento para suscriptores Condisline Prime" src="//static.condisline.com/resize_39x39/images/product_icons/icon_subscription.png" width="39" height="39">

                    
                        <a class="info" title="10% Descuento para suscriptores Condisline Prime" href="javascript:void(0);">
                            <span class="info_text">10% Descuento para suscriptores Condisline Prime</span>
                        </a>
                    
                
            
        </div>

        <img class="article_image" alt="CALDO G.BLANCA PAELLA MIXTA 1 L" data-original="//static.condisline.com/resize_190x200/images/catalog/large/116351.jpg" src="//static.condisline.com/resize_190x200/images/catalog/large/116351.jpg" width="190" height="200" style="display: block;">

        <meta itemprop="image" content="//static.condisline.com/resize_190x200/images/catalog/large/116351.jpg">

        <div class="article_price_container" itemprop="offers" itemscope="" itemtype="http://schema.org/Offer">

            <!-- Price -->
            
                
                    <span class="offer">Segunda Unidad 70%</span>
                
                <span class="article_price" itemprop="price"><span id="list_price_116351">3,49</span></span>
                <span class="currency">€</span>
                <script>
                    formatNumber('3.49', 'list_price_116351');
                </script>
            

            <meta itemprop="priceCurrency" content="EUR">
            <div class="unit_container">
                
                    <a class="substract_button" title="Menos" href="javascript:void(0);">-</a>
                
                <label class="quantity_container">
                    
                        
                            <input class="input_quantity_product" id="item_quantity_116351" type="number" data-product="116351" value="" min="1" max="999" required="" autocomplete="off">
                        
                    
                </label>
                
                    <a class="add_button" title="Más" href="javascript:void(0);">+</a>
                    <a class="added_tick" title="Cambiar unidades" href="javascript:void(0);"></a>
                
            </div>

            
                
                    <div class="article_pum">
                        <span>      3,49€/Litro</span>
                    </div>
                
            

            
                
                    <a data-product-id="116351" class="orange_button btn_add2cart" title="Añadir al carrito" onclick="dataLayer.push({event: 'event_gtm',category:'acciones usuario', action:'a�adir producto desde listado'})" href="javascript:addToCartFromItemList('116351')">AÑADIR AL CARRITO &gt;</a>
                
            
            <span class="added_button">En carrito</span>

            
            
            <a class="white_button" title="Añadir a mi lista" href="javascript:addToListFromItemList('116351')" onclick="dataLayer.push({event: 'event_gtm',category:'acciones usuario', action:'a�adir producto a lista'});">Añadir a mi lista</a>
            
            
        </div>

        
            <a class="article_link" title="Ver ficha de CALDO G.BLANCA PAELLA MIXTA 1 L" href="/CALDO-G-BLANCA-PAELLA-MIXTA-1-L_116351_prd_es_ES.jsp" onclick="javascript:callingTaggingEnpoints('')" itemprop="url"></a>
        
        <div class="hover_container">
            <div class="hover">
                <div class="info_symbol"></div>
            </div>
        </div>

        
            <img width="116" height="114" src="//static.condisline.com/resize_128x128/images/product_icons_corner/promocion_70.png" alt="Segunda Unidad 70% descuento" class="promotion_image">
        

        
        <!-- <a class="more_info" title="Más información sobre la promoción" href="javascript:void(0);"> -->
        <a class="more_info" href="javascript:void(0);">
            <span class="tooltip">
                Segunda Unidad 70% descuento
                <span class="arrow"></span>
            </span>
        </a>
        
    </article>
            </li>
        
            <li class="article" itemprop="itemListElement" itemscope="" itemtype="http://schema.org/Product">
                
    <article class="article_container" id="item_description_117222">


    
        <a class="article_name" title="Ver ficha de PURÉ PATATA MOUSLINE ORIGINAL NATURAL 460 G" href="/PURE-PATATA-MOUSLINE-ORIGINAL-NATURAL-460-G_117222_prd_es_ES.jsp" itemprop="url"><span itemprop="name" id="description_text">PURÉ PATATA MOUSLINE ORIGINAL NATURAL 460 G</span></a>
    

        <!--informacion de gluten y calorias -->
        <div class="info_container">

            

            
                
                    <img class="info_icon" alt="10% Descuento para suscriptores Condisline Prime" src="//static.condisline.com/resize_39x39/images/product_icons/icon_subscription.png" width="39" height="39">

                    
                        <a class="info" title="10% Descuento para suscriptores Condisline Prime" href="javascript:void(0);">
                            <span class="info_text">10% Descuento para suscriptores Condisline Prime</span>
                        </a>
                    
                
                    <img class="info_icon" alt="Producto sin gluten" src="//static.condisline.com/resize_39x39/images/product_icons/no_gluten.png" width="39" height="39">

                    
                        <a class="info" title="Producto sin gluten" href="javascript:void(0);">
                            <span class="info_text">Producto sin gluten</span>
                        </a>
                    
                
            
        </div>

        <img class="article_image" alt="PURÉ PATATA MOUSLINE ORIGINAL NATURAL 460 G" data-original="//static.condisline.com/resize_190x200/images/catalog/large/117222.jpg" src="//static.condisline.com/resize_190x200/images/catalog/large/117222.jpg" width="190" height="200" style="display: block;">

        <meta itemprop="image" content="//static.condisline.com/resize_190x200/images/catalog/large/117222.jpg">

        <div class="article_price_container" itemprop="offers" itemscope="" itemtype="http://schema.org/Offer">

            <!-- Price -->
            
                <span class="offer">Antes <span id="list_price_117222">3,35</span>€</span>
                <span class="article_price" itemprop="price"><span id="sale_price_117222">2,79</span></span>
                <span class="currency">€</span>
                <script>
                    formatNumber('3.35', 'list_price_117222');
                    formatNumber('2.79', 'sale_price_117222');
                </script>
            

            <meta itemprop="priceCurrency" content="EUR">
            <div class="unit_container">
                
                    <a class="substract_button" title="Menos" href="javascript:void(0);">-</a>
                
                <label class="quantity_container">
                    
                        
                            <input class="input_quantity_product" id="item_quantity_117222" type="number" data-product="117222" value="" min="1" max="999" required="" autocomplete="off">
                        
                    
                </label>
                
                    <a class="add_button" title="Más" href="javascript:void(0);">+</a>
                    <a class="added_tick" title="Cambiar unidades" href="javascript:void(0);"></a>
                
            </div>

            
                
                    <div class="article_pum">
                        <span>      6,07€/Kilo</span>
                    </div>
                
            

            
                
                    <a data-product-id="117222" class="orange_button btn_add2cart" title="Añadir al carrito" onclick="dataLayer.push({event: 'event_gtm',category:'acciones usuario', action:'a�adir producto desde listado'})" href="javascript:addToCartFromItemList('117222')">AÑADIR AL CARRITO &gt;</a>
                
            
            <span class="added_button">En carrito</span>

            
            
            <a class="white_button" title="Añadir a mi lista" href="javascript:addToListFromItemList('117222')" onclick="dataLayer.push({event: 'event_gtm',category:'acciones usuario', action:'a�adir producto a lista'});">Añadir a mi lista</a>
            
            
        </div>

        
            <a class="article_link" title="Ver ficha de PURÉ PATATA MOUSLINE ORIGINAL NATURAL 460 G" href="/PURE-PATATA-MOUSLINE-ORIGINAL-NATURAL-460-G_117222_prd_es_ES.jsp" onclick="javascript:callingTaggingEnpoints('')" itemprop="url"></a>
        
        <div class="hover_container">
            <div class="hover">
                <div class="info_symbol"></div>
            </div>
        </div>

        
            <img width="116" height="114" src="//static.condisline.com/resize_128x128/images/product_icons_corner/oferta_grande.png" alt="" class="promotion_image">
        

        
    </article>
            </li>
        
            <li class="article" itemprop="itemListElement" itemscope="" itemtype="http://schema.org/Product">
                
    <article class="article_container" id="item_description_116215">


    
        <a class="article_name" title="Ver ficha de CALDO DE POLLO GALLINA BLANCA 2 UNI X 1 L" href="/CALDO-DE-POLLO-GALLINA-BLANCA-2-UNI-X-1-L_116215_prd_es_ES.jsp" itemprop="url"><span itemprop="name" id="description_text">CALDO DE POLLO GALLINA BLANCA 2 UNI X 1 L</span></a>
    

        <!--informacion de gluten y calorias -->
        <div class="info_container">

            
                <span class="calories">5 <span>kcal</span></span>
                <a class="info" title="Producto con 5 kilocalorías" href="javascript:void(0);">
                    <span class="info_text">Producto con 5 kilocalorías.</span>
                </a>
            

            
                
                    <img class="info_icon" alt="10% Descuento para suscriptores Condisline Prime" src="//static.condisline.com/resize_39x39/images/product_icons/icon_subscription.png" width="39" height="39">

                    
                        <a class="info" title="10% Descuento para suscriptores Condisline Prime" href="javascript:void(0);">
                            <span class="info_text">10% Descuento para suscriptores Condisline Prime</span>
                        </a>
                    
                
                    <img class="info_icon" alt="Producto sin gluten" src="//static.condisline.com/resize_39x39/images/product_icons/no_gluten.png" width="39" height="39">

                    
                        <a class="info" title="Producto sin gluten" href="javascript:void(0);">
                            <span class="info_text">Producto sin gluten</span>
                        </a>
                    
                
            
        </div>

        <img class="article_image" alt="CALDO DE POLLO GALLINA BLANCA 2 UNI X 1 L" data-original="//static.condisline.com/resize_190x200/images/catalog/large/116215.jpg" src="//static.condisline.com/resize_190x200/images/catalog/large/116215.jpg" width="190" height="200" style="display: block;">

        <meta itemprop="image" content="//static.condisline.com/resize_190x200/images/catalog/large/116215.jpg">

        <div class="article_price_container" itemprop="offers" itemscope="" itemtype="http://schema.org/Offer">

            <!-- Price -->
            
                
                <span class="article_price" itemprop="price"><span id="list_price_116215">4,19</span></span>
                <span class="currency">€</span>
                <script>
                    formatNumber('4.19', 'list_price_116215');
                </script>
            

            <meta itemprop="priceCurrency" content="EUR">
            <div class="unit_container">
                
                    <a class="substract_button" title="Menos" href="javascript:void(0);">-</a>
                
                <label class="quantity_container">
                    
                        
                            <input class="input_quantity_product" id="item_quantity_116215" type="number" data-product="116215" value="" min="1" max="999" required="" autocomplete="off">
                        
                    
                </label>
                
                    <a class="add_button" title="Más" href="javascript:void(0);">+</a>
                    <a class="added_tick" title="Cambiar unidades" href="javascript:void(0);"></a>
                
            </div>

            
                
                    <div class="article_pum">
                        <span>      2,10€/Litro</span>
                    </div>
                
            

            
                
                    <a data-product-id="116215" class="orange_button btn_add2cart" title="Añadir al carrito" onclick="dataLayer.push({event: 'event_gtm',category:'acciones usuario', action:'a�adir producto desde listado'})" href="javascript:addToCartFromItemList('116215')">AÑADIR AL CARRITO &gt;</a>
                
            
            <span class="added_button">En carrito</span>

            
            
            <a class="white_button" title="Añadir a mi lista" href="javascript:addToListFromItemList('116215')" onclick="dataLayer.push({event: 'event_gtm',category:'acciones usuario', action:'a�adir producto a lista'});">Añadir a mi lista</a>
            
            
        </div>

        
            <a class="article_link" title="Ver ficha de CALDO DE POLLO GALLINA BLANCA 2 UNI X 1 L" href="/CALDO-DE-POLLO-GALLINA-BLANCA-2-UNI-X-1-L_116215_prd_es_ES.jsp" onclick="javascript:callingTaggingEnpoints('')" itemprop="url"></a>
        
        <div class="hover_container">
            <div class="hover">
                <div class="info_symbol"></div>
            </div>
        </div>

        

        
    </article>
            </li>
        
            <li class="article" itemprop="itemListElement" itemscope="" itemtype="http://schema.org/Product">
                
    <article class="article_container" id="item_description_116056">


    
        <a class="article_name" title="Ver ficha de CALDO CONDIS POLLO BRIK 1 L" href="/CALDO-CONDIS-POLLO-BRIK-1-L_116056_prd_es_ES.jsp" itemprop="url"><span itemprop="name" id="description_text">CALDO CONDIS POLLO BRIK 1 L</span></a>
    

        <!--informacion de gluten y calorias -->
        <div class="info_container">

            
                <span class="calories">5 <span>kcal</span></span>
                <a class="info" title="Producto con 5 kilocalorías" href="javascript:void(0);">
                    <span class="info_text">Producto con 5 kilocalorías.</span>
                </a>
            

            
                
                    <img class="info_icon" alt="10% Descuento para suscriptores Condisline Prime" src="//static.condisline.com/resize_39x39/images/product_icons/icon_subscription.png" width="39" height="39">

                    
                        <a class="info" title="10% Descuento para suscriptores Condisline Prime" href="javascript:void(0);">
                            <span class="info_text">10% Descuento para suscriptores Condisline Prime</span>
                        </a>
                    
                
                    <img class="info_icon" alt="Producto sin gluten" src="//static.condisline.com/resize_39x39/images/product_icons/no_gluten.png" width="39" height="39">

                    
                        <a class="info" title="Producto sin gluten" href="javascript:void(0);">
                            <span class="info_text">Producto sin gluten</span>
                        </a>
                    
                
                    <img class="info_icon" alt="Marca propia" src="//static.condisline.com/resize_39x39/images/product_icons/marca_propia.png" width="39" height="39">

                    
                        <a class="info" title="Marca propia" href="javascript:void(0);">
                            <span class="info_text">Marca propia</span>
                        </a>
                    
                
            
        </div>

        <img class="article_image" alt="CALDO CONDIS POLLO BRIK 1 L" data-original="//static.condisline.com/resize_190x200/images/catalog/large/116056.jpg" src="//static.condisline.com/resize_190x200/images/catalog/large/116056.jpg" width="190" height="200" style="display: block;">

        <meta itemprop="image" content="//static.condisline.com/resize_190x200/images/catalog/large/116056.jpg">

        <div class="article_price_container" itemprop="offers" itemscope="" itemtype="http://schema.org/Offer">

            <!-- Price -->
            
                
                <span class="article_price" itemprop="price"><span id="list_price_116056">0,80</span></span>
                <span class="currency">€</span>
                <script>
                    formatNumber('0.8', 'list_price_116056');
                </script>
            

            <meta itemprop="priceCurrency" content="EUR">
            <div class="unit_container">
                
                    <a class="substract_button" title="Menos" href="javascript:void(0);">-</a>
                
                <label class="quantity_container">
                    
                        
                            <input class="input_quantity_product" id="item_quantity_116056" type="number" data-product="116056" value="" min="1" max="999" required="" autocomplete="off">
                        
                    
                </label>
                
                    <a class="add_button" title="Más" href="javascript:void(0);">+</a>
                    <a class="added_tick" title="Cambiar unidades" href="javascript:void(0);"></a>
                
            </div>

            
                
                    <div class="article_pum">
                        <span>      0,80€/Litro</span>
                    </div>
                
            

            
                
                    <a data-product-id="116056" class="orange_button btn_add2cart" title="Añadir al carrito" onclick="dataLayer.push({event: 'event_gtm',category:'acciones usuario', action:'a�adir producto desde listado'})" href="javascript:addToCartFromItemList('116056')">AÑADIR AL CARRITO &gt;</a>
                
            
            <span class="added_button">En carrito</span>

            
            
            <a class="white_button" title="Añadir a mi lista" href="javascript:addToListFromItemList('116056')" onclick="dataLayer.push({event: 'event_gtm',category:'acciones usuario', action:'a�adir producto a lista'});">Añadir a mi lista</a>
            
            
        </div>

        
            <a class="article_link" title="Ver ficha de CALDO CONDIS POLLO BRIK 1 L" href="/CALDO-CONDIS-POLLO-BRIK-1-L_116056_prd_es_ES.jsp" onclick="javascript:callingTaggingEnpoints('')" itemprop="url"></a>
        
        <div class="hover_container">
            <div class="hover">
                <div class="info_symbol"></div>
            </div>
        </div>

        

        
    </article>
            </li>
        
            <li class="article" itemprop="itemListElement" itemscope="" itemtype="http://schema.org/Product">
                
    <article class="article_container" id="item_description_116330">


    
        <a class="article_name" title="Ver ficha de CALDO ANETO POLLO BIPACK 2 L" href="/CALDO-ANETO-POLLO-BIPACK-2-L_116330_prd_es_ES.jsp" itemprop="url"><span itemprop="name" id="description_text">CALDO ANETO POLLO BIPACK 2 L</span></a>
    

        <!--informacion de gluten y calorias -->
        <div class="info_container">

            
                <span class="calories">7 <span>kcal</span></span>
                <a class="info" title="Producto con 7 kilocalorías" href="javascript:void(0);">
                    <span class="info_text">Producto con 7 kilocalorías.</span>
                </a>
            

            
                
                    <img class="info_icon" alt="10% Descuento para suscriptores Condisline Prime" src="//static.condisline.com/resize_39x39/images/product_icons/icon_subscription.png" width="39" height="39">

                    
                        <a class="info" title="10% Descuento para suscriptores Condisline Prime" href="javascript:void(0);">
                            <span class="info_text">10% Descuento para suscriptores Condisline Prime</span>
                        </a>
                    
                
                    <img class="info_icon" alt="Producto sin gluten" src="//static.condisline.com/resize_39x39/images/product_icons/no_gluten.png" width="39" height="39">

                    
                        <a class="info" title="Producto sin gluten" href="javascript:void(0);">
                            <span class="info_text">Producto sin gluten</span>
                        </a>
                    
                
                    <img class="info_icon" alt="Producto sin lactosa" src="//static.condisline.com/resize_39x39/images/product_icons/no_lactosa.png" width="39" height="39">

                    
                        <a class="info" title="Producto sin lactosa" href="javascript:void(0);">
                            <span class="info_text">Producto sin lactosa</span>
                        </a>
                    
                
            
        </div>

        <img class="article_image" alt="CALDO ANETO POLLO BIPACK 2 L" data-original="//static.condisline.com/resize_190x200/images/catalog/large/116330.jpg" src="//static.condisline.com/resize_190x200/images/catalog/large/116330.jpg" width="190" height="200" style="display: block;">

        <meta itemprop="image" content="//static.condisline.com/resize_190x200/images/catalog/large/116330.jpg">

        <div class="article_price_container" itemprop="offers" itemscope="" itemtype="http://schema.org/Offer">

            <!-- Price -->
            
                
                <span class="article_price" itemprop="price"><span id="list_price_116330">7,90</span></span>
                <span class="currency">€</span>
                <script>
                    formatNumber('7.9', 'list_price_116330');
                </script>
            

            <meta itemprop="priceCurrency" content="EUR">
            <div class="unit_container">
                
                    <a class="substract_button" title="Menos" href="javascript:void(0);">-</a>
                
                <label class="quantity_container">
                    
                        
                            <input class="input_quantity_product" id="item_quantity_116330" type="number" data-product="116330" value="" min="1" max="999" required="" autocomplete="off">
                        
                    
                </label>
                
                    <a class="add_button" title="Más" href="javascript:void(0);">+</a>
                    <a class="added_tick" title="Cambiar unidades" href="javascript:void(0);"></a>
                
            </div>

            
                
                    <div class="article_pum">
                        <span>      3,95€/Litro</span>
                    </div>
                
            

            
                
                    <a data-product-id="116330" class="orange_button btn_add2cart" title="Añadir al carrito" onclick="dataLayer.push({event: 'event_gtm',category:'acciones usuario', action:'a�adir producto desde listado'})" href="javascript:addToCartFromItemList('116330')">AÑADIR AL CARRITO &gt;</a>
                
            
            <span class="added_button">En carrito</span>

            
            
            <a class="white_button" title="Añadir a mi lista" href="javascript:addToListFromItemList('116330')" onclick="dataLayer.push({event: 'event_gtm',category:'acciones usuario', action:'a�adir producto a lista'});">Añadir a mi lista</a>
            
            
        </div>

        
            <a class="article_link" title="Ver ficha de CALDO ANETO POLLO BIPACK 2 L" href="/CALDO-ANETO-POLLO-BIPACK-2-L_116330_prd_es_ES.jsp" onclick="javascript:callingTaggingEnpoints('')" itemprop="url"></a>
        
        <div class="hover_container">
            <div class="hover">
                <div class="info_symbol"></div>
            </div>
        </div>

        

        
    </article>
            </li>
        
            <li class="article" itemprop="itemListElement" itemscope="" itemtype="http://schema.org/Product">
                
    <article class="article_container" id="item_description_116136">


    
        <a class="article_name" title="Ver ficha de CALDO ANETO DE POLLO 500 ML" href="/CALDO-ANETO-DE-POLLO-500-ML_116136_prd_es_ES.jsp" itemprop="url"><span itemprop="name" id="description_text">CALDO ANETO DE POLLO 500 ML</span></a>
    

        <!--informacion de gluten y calorias -->
        <div class="info_container">

            
                <span class="calories">7 <span>kcal</span></span>
                <a class="info" title="Producto con 7 kilocalorías" href="javascript:void(0);">
                    <span class="info_text">Producto con 7 kilocalorías.</span>
                </a>
            

            
                
                    <img class="info_icon" alt="10% Descuento para suscriptores Condisline Prime" src="//static.condisline.com/resize_39x39/images/product_icons/icon_subscription.png" width="39" height="39">

                    
                        <a class="info" title="10% Descuento para suscriptores Condisline Prime" href="javascript:void(0);">
                            <span class="info_text">10% Descuento para suscriptores Condisline Prime</span>
                        </a>
                    
                
                    <img class="info_icon" alt="Producto sin gluten" src="//static.condisline.com/resize_39x39/images/product_icons/no_gluten.png" width="39" height="39">

                    
                        <a class="info" title="Producto sin gluten" href="javascript:void(0);">
                            <span class="info_text">Producto sin gluten</span>
                        </a>
                    
                
                    <img class="info_icon" alt="Producto sin lactosa" src="//static.condisline.com/resize_39x39/images/product_icons/no_lactosa.png" width="39" height="39">

                    
                        <a class="info" title="Producto sin lactosa" href="javascript:void(0);">
                            <span class="info_text">Producto sin lactosa</span>
                        </a>
                    
                
            
        </div>

        <img class="article_image" alt="CALDO ANETO DE POLLO 500 ML" data-original="//static.condisline.com/resize_190x200/images/catalog/large/116136.jpg" src="//static.condisline.com/resize_190x200/images/catalog/large/116136.jpg" width="190" height="200" style="display: block;">

        <meta itemprop="image" content="//static.condisline.com/resize_190x200/images/catalog/large/116136.jpg">

        <div class="article_price_container" itemprop="offers" itemscope="" itemtype="http://schema.org/Offer">

            <!-- Price -->
            
                
                <span class="article_price" itemprop="price"><span id="list_price_116136">2,80</span></span>
                <span class="currency">€</span>
                <script>
                    formatNumber('2.8', 'list_price_116136');
                </script>
            

            <meta itemprop="priceCurrency" content="EUR">
            <div class="unit_container">
                
                    <a class="substract_button" title="Menos" href="javascript:void(0);">-</a>
                
                <label class="quantity_container">
                    
                        
                            <input class="input_quantity_product" id="item_quantity_116136" type="number" data-product="116136" value="" min="1" max="999" required="" autocomplete="off">
                        
                    
                </label>
                
                    <a class="add_button" title="Más" href="javascript:void(0);">+</a>
                    <a class="added_tick" title="Cambiar unidades" href="javascript:void(0);"></a>
                
            </div>

            
                
                    <div class="article_pum">
                        <span>      5,60€/Litro</span>
                    </div>
                
            

            
                
                    <a data-product-id="116136" class="orange_button btn_add2cart" title="Añadir al carrito" onclick="dataLayer.push({event: 'event_gtm',category:'acciones usuario', action:'a�adir producto desde listado'})" href="javascript:addToCartFromItemList('116136')">AÑADIR AL CARRITO &gt;</a>
                
            
            <span class="added_button">En carrito</span>

            
            
            <a class="white_button" title="Añadir a mi lista" href="javascript:addToListFromItemList('116136')" onclick="dataLayer.push({event: 'event_gtm',category:'acciones usuario', action:'a�adir producto a lista'});">Añadir a mi lista</a>
            
            
        </div>

        
            <a class="article_link" title="Ver ficha de CALDO ANETO DE POLLO 500 ML" href="/CALDO-ANETO-DE-POLLO-500-ML_116136_prd_es_ES.jsp" onclick="javascript:callingTaggingEnpoints('')" itemprop="url"></a>
        
        <div class="hover_container">
            <div class="hover">
                <div class="info_symbol"></div>
            </div>
        </div>

        

        
    </article>
            </li>
        
            <li class="article" itemprop="itemListElement" itemscope="" itemtype="http://schema.org/Product">
                
    <article class="article_container" id="item_description_116142">


    
        <a class="article_name" title="Ver ficha de CALDO GALLINA BLANCA DE POLLO GOURMET 1 L" href="/CALDO-GALLINA-BLANCA-DE-POLLO-GOURMET-1-L_116142_prd_es_ES.jsp" itemprop="url"><span itemprop="name" id="description_text">CALDO GALLINA BLANCA DE POLLO GOURMET 1 L</span></a>
    

        <!--informacion de gluten y calorias -->
        <div class="info_container">

            
                <span class="calories">6 <span>kcal</span></span>
                <a class="info" title="Producto con 6 kilocalorías" href="javascript:void(0);">
                    <span class="info_text">Producto con 6 kilocalorías.</span>
                </a>
            

            
                
                    <img class="info_icon" alt="10% Descuento para suscriptores Condisline Prime" src="//static.condisline.com/resize_39x39/images/product_icons/icon_subscription.png" width="39" height="39">

                    
                        <a class="info" title="10% Descuento para suscriptores Condisline Prime" href="javascript:void(0);">
                            <span class="info_text">10% Descuento para suscriptores Condisline Prime</span>
                        </a>
                    
                
                    <img class="info_icon" alt="Producto sin gluten" src="//static.condisline.com/resize_39x39/images/product_icons/no_gluten.png" width="39" height="39">

                    
                        <a class="info" title="Producto sin gluten" href="javascript:void(0);">
                            <span class="info_text">Producto sin gluten</span>
                        </a>
                    
                
            
        </div>

        <img class="article_image" alt="CALDO GALLINA BLANCA DE POLLO GOURMET 1 L" data-original="//static.condisline.com/resize_190x200/images/catalog/large/116142.jpg" src="//static.condisline.com/resize_190x200/images/catalog/large/116142.jpg" width="190" height="200" style="display: block;">

        <meta itemprop="image" content="//static.condisline.com/resize_190x200/images/catalog/large/116142.jpg">

        <div class="article_price_container" itemprop="offers" itemscope="" itemtype="http://schema.org/Offer">

            <!-- Price -->
            
                
                <span class="article_price" itemprop="price"><span id="list_price_116142">2,99</span></span>
                <span class="currency">€</span>
                <script>
                    formatNumber('2.99', 'list_price_116142');
                </script>
            

            <meta itemprop="priceCurrency" content="EUR">
            <div class="unit_container">
                
                    <a class="substract_button" title="Menos" href="javascript:void(0);">-</a>
                
                <label class="quantity_container">
                    
                        
                            <input class="input_quantity_product" id="item_quantity_116142" type="number" data-product="116142" value="" min="1" max="999" required="" autocomplete="off">
                        
                    
                </label>
                
                    <a class="add_button" title="Más" href="javascript:void(0);">+</a>
                    <a class="added_tick" title="Cambiar unidades" href="javascript:void(0);"></a>
                
            </div>

            
                
                    <div class="article_pum">
                        <span>      2,99€/Litro</span>
                    </div>
                
            

            
                
                    <a data-product-id="116142" class="orange_button btn_add2cart" title="Añadir al carrito" onclick="dataLayer.push({event: 'event_gtm',category:'acciones usuario', action:'a�adir producto desde listado'})" href="javascript:addToCartFromItemList('116142')">AÑADIR AL CARRITO &gt;</a>
                
            
            <span class="added_button">En carrito</span>

            
            
            <a class="white_button" title="Añadir a mi lista" href="javascript:addToListFromItemList('116142')" onclick="dataLayer.push({event: 'event_gtm',category:'acciones usuario', action:'a�adir producto a lista'});">Añadir a mi lista</a>
            
            
        </div>

        
            <a class="article_link" title="Ver ficha de CALDO GALLINA BLANCA DE POLLO GOURMET 1 L" href="/CALDO-GALLINA-BLANCA-DE-POLLO-GOURMET-1-L_116142_prd_es_ES.jsp" onclick="javascript:callingTaggingEnpoints('')" itemprop="url"></a>
        
        <div class="hover_container">
            <div class="hover">
                <div class="info_symbol"></div>
            </div>
        </div>

        

        
    </article>
            </li>
        
            <li class="article" itemprop="itemListElement" itemscope="" itemtype="http://schema.org/Product">
                
    <article class="article_container" id="item_description_116321">


    
        <a class="article_name" title="Ver ficha de CALDO GALLINA BLANCA VERDURAS PACK 2 UNIDADES" href="/CALDO-GALLINA-BLANCA-VERDURAS-PACK-2-UNIDADES_116321_prd_es_ES.jsp" itemprop="url"><span itemprop="name" id="description_text">CALDO GALLINA BLANCA VERDURAS PACK 2 UNIDADES</span></a>
    

        <!--informacion de gluten y calorias -->
        <div class="info_container">

            
                <span class="calories">3 <span>kcal</span></span>
                <a class="info" title="Producto con 3 kilocalorías" href="javascript:void(0);">
                    <span class="info_text">Producto con 3 kilocalorías.</span>
                </a>
            

            
                
                    <img class="info_icon" alt="10% Descuento para suscriptores Condisline Prime" src="//static.condisline.com/resize_39x39/images/product_icons/icon_subscription.png" width="39" height="39">

                    
                        <a class="info" title="10% Descuento para suscriptores Condisline Prime" href="javascript:void(0);">
                            <span class="info_text">10% Descuento para suscriptores Condisline Prime</span>
                        </a>
                    
                
                    <img class="info_icon" alt="Producto sin gluten" src="//static.condisline.com/resize_39x39/images/product_icons/no_gluten.png" width="39" height="39">

                    
                        <a class="info" title="Producto sin gluten" href="javascript:void(0);">
                            <span class="info_text">Producto sin gluten</span>
                        </a>
                    
                
            
        </div>

        <img class="article_image" alt="CALDO GALLINA BLANCA VERDURAS PACK 2 UNIDADES" data-original="//static.condisline.com/resize_190x200/images/catalog/large/116321.jpg" src="//static.condisline.com/resize_190x200/images/catalog/large/116321.jpg" width="190" height="200" style="display: block;">

        <meta itemprop="image" content="//static.condisline.com/resize_190x200/images/catalog/large/116321.jpg">

        <div class="article_price_container" itemprop="offers" itemscope="" itemtype="http://schema.org/Offer">

            <!-- Price -->
            
                
                <span class="article_price" itemprop="price"><span id="list_price_116321">4,19</span></span>
                <span class="currency">€</span>
                <script>
                    formatNumber('4.19', 'list_price_116321');
                </script>
            

            <meta itemprop="priceCurrency" content="EUR">
            <div class="unit_container">
                
                    <a class="substract_button" title="Menos" href="javascript:void(0);">-</a>
                
                <label class="quantity_container">
                    
                        
                            <input class="input_quantity_product" id="item_quantity_116321" type="number" data-product="116321" value="" min="1" max="999" required="" autocomplete="off">
                        
                    
                </label>
                
                    <a class="add_button" title="Más" href="javascript:void(0);">+</a>
                    <a class="added_tick" title="Cambiar unidades" href="javascript:void(0);"></a>
                
            </div>

            
                
                    <div class="article_pum">
                        <span>      2,10€/Litro</span>
                    </div>
                
            

            
                
                    <a data-product-id="116321" class="orange_button btn_add2cart" title="Añadir al carrito" onclick="dataLayer.push({event: 'event_gtm',category:'acciones usuario', action:'a�adir producto desde listado'})" href="javascript:addToCartFromItemList('116321')">AÑADIR AL CARRITO &gt;</a>
                
            
            <span class="added_button">En carrito</span>

            
            
            <a class="white_button" title="Añadir a mi lista" href="javascript:addToListFromItemList('116321')" onclick="dataLayer.push({event: 'event_gtm',category:'acciones usuario', action:'a�adir producto a lista'});">Añadir a mi lista</a>
            
            
        </div>

        
            <a class="article_link" title="Ver ficha de CALDO GALLINA BLANCA VERDURAS PACK 2 UNIDADES" href="/CALDO-GALLINA-BLANCA-VERDURAS-PACK-2-UNIDADES_116321_prd_es_ES.jsp" onclick="javascript:callingTaggingEnpoints('')" itemprop="url"></a>
        
        <div class="hover_container">
            <div class="hover">
                <div class="info_symbol"></div>
            </div>
        </div>

        

        
    </article>
            </li>
        
            <li class="article" itemprop="itemListElement" itemscope="" itemtype="http://schema.org/Product">
                
    <article class="article_container" id="item_description_116210">


    
        <a class="article_name" title="Ver ficha de CALDO ANETO VERDURAS 1 L" href="/CALDO-ANETO-VERDURAS-1-L_116210_prd_es_ES.jsp" itemprop="url"><span itemprop="name" id="description_text">CALDO ANETO VERDURAS 1 L</span></a>
    

        <!--informacion de gluten y calorias -->
        <div class="info_container">

            
                <span class="calories">6 <span>kcal</span></span>
                <a class="info" title="Producto con 6 kilocalorías" href="javascript:void(0);">
                    <span class="info_text">Producto con 6 kilocalorías.</span>
                </a>
            

            
                
                    <img class="info_icon" alt="10% Descuento para suscriptores Condisline Prime" src="//static.condisline.com/resize_39x39/images/product_icons/icon_subscription.png" width="39" height="39">

                    
                        <a class="info" title="10% Descuento para suscriptores Condisline Prime" href="javascript:void(0);">
                            <span class="info_text">10% Descuento para suscriptores Condisline Prime</span>
                        </a>
                    
                
                    <img class="info_icon" alt="Producto sin gluten" src="//static.condisline.com/resize_39x39/images/product_icons/no_gluten.png" width="39" height="39">

                    
                        <a class="info" title="Producto sin gluten" href="javascript:void(0);">
                            <span class="info_text">Producto sin gluten</span>
                        </a>
                    
                
                    <img class="info_icon" alt="Producto sin lactosa" src="//static.condisline.com/resize_39x39/images/product_icons/no_lactosa.png" width="39" height="39">

                    
                        <a class="info" title="Producto sin lactosa" href="javascript:void(0);">
                            <span class="info_text">Producto sin lactosa</span>
                        </a>
                    
                
            
        </div>

        <img class="article_image" alt="CALDO ANETO VERDURAS 1 L" data-original="//static.condisline.com/resize_190x200/images/catalog/large/116210.jpg" src="//static.condisline.com/resize_190x200/images/catalog/large/116210.jpg" width="190" height="200" style="display: block;">

        <meta itemprop="image" content="//static.condisline.com/resize_190x200/images/catalog/large/116210.jpg">

        <div class="article_price_container" itemprop="offers" itemscope="" itemtype="http://schema.org/Offer">

            <!-- Price -->
            
                
                <span class="article_price" itemprop="price"><span id="list_price_116210">4,30</span></span>
                <span class="currency">€</span>
                <script>
                    formatNumber('4.3', 'list_price_116210');
                </script>
            

            <meta itemprop="priceCurrency" content="EUR">
            <div class="unit_container">
                
                    <a class="substract_button" title="Menos" href="javascript:void(0);">-</a>
                
                <label class="quantity_container">
                    
                        
                            <input class="input_quantity_product" id="item_quantity_116210" type="number" data-product="116210" value="" min="1" max="999" required="" autocomplete="off">
                        
                    
                </label>
                
                    <a class="add_button" title="Más" href="javascript:void(0);">+</a>
                    <a class="added_tick" title="Cambiar unidades" href="javascript:void(0);"></a>
                
            </div>

            
                
                    <div class="article_pum">
                        <span>      4,30€/Litro</span>
                    </div>
                
            

            
                
                    <a data-product-id="116210" class="orange_button btn_add2cart" title="Añadir al carrito" onclick="dataLayer.push({event: 'event_gtm',category:'acciones usuario', action:'a�adir producto desde listado'})" href="javascript:addToCartFromItemList('116210')">AÑADIR AL CARRITO &gt;</a>
                
            
            <span class="added_button">En carrito</span>

            
            
            <a class="white_button" title="Añadir a mi lista" href="javascript:addToListFromItemList('116210')" onclick="dataLayer.push({event: 'event_gtm',category:'acciones usuario', action:'a�adir producto a lista'});">Añadir a mi lista</a>
            
            
        </div>

        
            <a class="article_link" title="Ver ficha de CALDO ANETO VERDURAS 1 L" href="/CALDO-ANETO-VERDURAS-1-L_116210_prd_es_ES.jsp" onclick="javascript:callingTaggingEnpoints('')" itemprop="url"></a>
        
        <div class="hover_container">
            <div class="hover">
                <div class="info_symbol"></div>
            </div>
        </div>

        

        
    </article>
            </li>
        
            <li class="article" itemprop="itemListElement" itemscope="" itemtype="http://schema.org/Product">
                
    <article class="article_container" id="item_description_116361">


    
        <a class="article_name" title="Ver ficha de CALDO ANETO POLLO CON JAMON 1 L" href="/CALDO-ANETO-POLLO-CON-JAMON-1-L_116361_prd_es_ES.jsp" itemprop="url"><span itemprop="name" id="description_text">CALDO ANETO POLLO CON JAMON 1 L</span></a>
    

        <!--informacion de gluten y calorias -->
        <div class="info_container">

            

            
                
                    <img class="info_icon" alt="10% Descuento para suscriptores Condisline Prime" src="//static.condisline.com/resize_39x39/images/product_icons/icon_subscription.png" width="39" height="39">

                    
                        <a class="info" title="10% Descuento para suscriptores Condisline Prime" href="javascript:void(0);">
                            <span class="info_text">10% Descuento para suscriptores Condisline Prime</span>
                        </a>
                    
                
            
        </div>

        <img class="article_image" alt="CALDO ANETO POLLO CON JAMON 1 L" data-original="//static.condisline.com/resize_190x200/images/catalog/large/116361.jpg" src="//static.condisline.com/resize_190x200/images/catalog/large/116361.jpg" width="190" height="200" style="display: block;">

        <meta itemprop="image" content="//static.condisline.com/resize_190x200/images/catalog/large/116361.jpg">

        <div class="article_price_container" itemprop="offers" itemscope="" itemtype="http://schema.org/Offer">

            <!-- Price -->
            
                
                <span class="article_price" itemprop="price"><span id="list_price_116361">4,30</span></span>
                <span class="currency">€</span>
                <script>
                    formatNumber('4.3', 'list_price_116361');
                </script>
            

            <meta itemprop="priceCurrency" content="EUR">
            <div class="unit_container">
                
                    <a class="substract_button" title="Menos" href="javascript:void(0);">-</a>
                
                <label class="quantity_container">
                    
                        
                            <input class="input_quantity_product" id="item_quantity_116361" type="number" data-product="116361" value="" min="1" max="999" required="" autocomplete="off">
                        
                    
                </label>
                
                    <a class="add_button" title="Más" href="javascript:void(0);">+</a>
                    <a class="added_tick" title="Cambiar unidades" href="javascript:void(0);"></a>
                
            </div>

            
                
                    <div class="article_pum">
                        <span>      4,30€/Litro</span>
                    </div>
                
            

            
                
                    <a data-product-id="116361" class="orange_button btn_add2cart" title="Añadir al carrito" onclick="dataLayer.push({event: 'event_gtm',category:'acciones usuario', action:'a�adir producto desde listado'})" href="javascript:addToCartFromItemList('116361')">AÑADIR AL CARRITO &gt;</a>
                
            
            <span class="added_button">En carrito</span>

            
            
            <a class="white_button" title="Añadir a mi lista" href="javascript:addToListFromItemList('116361')" onclick="dataLayer.push({event: 'event_gtm',category:'acciones usuario', action:'a�adir producto a lista'});">Añadir a mi lista</a>
            
            
        </div>

        
            <a class="article_link" title="Ver ficha de CALDO ANETO POLLO CON JAMON 1 L" href="/CALDO-ANETO-POLLO-CON-JAMON-1-L_116361_prd_es_ES.jsp" onclick="javascript:callingTaggingEnpoints('')" itemprop="url"></a>
        
        <div class="hover_container">
            <div class="hover">
                <div class="info_symbol"></div>
            </div>
        </div>

        

        
    </article>
            </li>
        
            <li class="article" itemprop="itemListElement" itemscope="" itemtype="http://schema.org/Product">
                
    <article class="article_container" id="item_description_122007">


    
        <a class="article_name" title="Ver ficha de PURÉ MAGGI BOL 50 G" href="/PURE-MAGGI-BOL-50-G_122007_prd_es_ES.jsp" itemprop="url"><span itemprop="name" id="description_text">PURÉ MAGGI BOL 50 G</span></a>
    

        <!--informacion de gluten y calorias -->
        <div class="info_container">

            
                <span class="calories">84 <span>kcal</span></span>
                <a class="info" title="Producto con 84 kilocalorías" href="javascript:void(0);">
                    <span class="info_text">Producto con 84 kilocalorías.</span>
                </a>
            

            
                
                    <img class="info_icon" alt="10% Descuento para suscriptores Condisline Prime" src="//static.condisline.com/resize_39x39/images/product_icons/icon_subscription.png" width="39" height="39">

                    
                        <a class="info" title="10% Descuento para suscriptores Condisline Prime" href="javascript:void(0);">
                            <span class="info_text">10% Descuento para suscriptores Condisline Prime</span>
                        </a>
                    
                
            
        </div>

        <img class="article_image" alt="PURÉ MAGGI BOL 50 G" data-original="//static.condisline.com/resize_190x200/images/catalog/large/122007.jpg" src="//static.condisline.com/resize_190x200/images/catalog/large/122007.jpg" width="190" height="200" style="display: block;">

        <meta itemprop="image" content="//static.condisline.com/resize_190x200/images/catalog/large/122007.jpg">

        <div class="article_price_container" itemprop="offers" itemscope="" itemtype="http://schema.org/Offer">

            <!-- Price -->
            
                
                <span class="article_price" itemprop="price"><span id="list_price_122007">1,29</span></span>
                <span class="currency">€</span>
                <script>
                    formatNumber('1.29', 'list_price_122007');
                </script>
            

            <meta itemprop="priceCurrency" content="EUR">
            <div class="unit_container">
                
                    <a class="substract_button" title="Menos" href="javascript:void(0);">-</a>
                
                <label class="quantity_container">
                    
                        
                            <input class="input_quantity_product" id="item_quantity_122007" type="number" data-product="122007" value="" min="1" max="999" required="" autocomplete="off">
                        
                    
                </label>
                
                    <a class="add_button" title="Más" href="javascript:void(0);">+</a>
                    <a class="added_tick" title="Cambiar unidades" href="javascript:void(0);"></a>
                
            </div>

            
                
                    <div class="article_pum">
                        <span>     25,80€/Kilo</span>
                    </div>
                
            

            
                
                    <a data-product-id="122007" class="orange_button btn_add2cart" title="Añadir al carrito" onclick="dataLayer.push({event: 'event_gtm',category:'acciones usuario', action:'a�adir producto desde listado'})" href="javascript:addToCartFromItemList('122007')">AÑADIR AL CARRITO &gt;</a>
                
            
            <span class="added_button">En carrito</span>

            
            
            <a class="white_button" title="Añadir a mi lista" href="javascript:addToListFromItemList('122007')" onclick="dataLayer.push({event: 'event_gtm',category:'acciones usuario', action:'a�adir producto a lista'});">Añadir a mi lista</a>
            
            
        </div>

        
            <a class="article_link" title="Ver ficha de PURÉ MAGGI BOL 50 G" href="/PURE-MAGGI-BOL-50-G_122007_prd_es_ES.jsp" onclick="javascript:callingTaggingEnpoints('')" itemprop="url"></a>
        
        <div class="hover_container">
            <div class="hover">
                <div class="info_symbol"></div>
            </div>
        </div>

        

        
    </article>
            </li>
        
            <li class="article" itemprop="itemListElement" itemscope="" itemtype="http://schema.org/Product">
                
    <article class="article_container" id="item_description_116043">


    
        <a class="article_name" title="Ver ficha de CALDO AVECREM GALLINA BLANCA POLLO 18 PASTILLAS" href="/CALDO-AVECREM-GALLINA-BLANCA-POLLO-18-PASTILLAS_116043_prd_es_ES.jsp" itemprop="url"><span itemprop="name" id="description_text">CALDO AVECREM GALLINA BLANCA POLLO 18 PASTILLAS</span></a>
    

        <!--informacion de gluten y calorias -->
        <div class="info_container">

            
                <span class="calories">182 <span>kcal</span></span>
                <a class="info" title="Producto con 182 kilocalorías" href="javascript:void(0);">
                    <span class="info_text">Producto con 182 kilocalorías.</span>
                </a>
            

            
                
                    <img class="info_icon" alt="10% Descuento para suscriptores Condisline Prime" src="//static.condisline.com/resize_39x39/images/product_icons/icon_subscription.png" width="39" height="39">

                    
                        <a class="info" title="10% Descuento para suscriptores Condisline Prime" href="javascript:void(0);">
                            <span class="info_text">10% Descuento para suscriptores Condisline Prime</span>
                        </a>
                    
                
                    <img class="info_icon" alt="Producto sin gluten" src="//static.condisline.com/resize_39x39/images/product_icons/no_gluten.png" width="39" height="39">

                    
                        <a class="info" title="Producto sin gluten" href="javascript:void(0);">
                            <span class="info_text">Producto sin gluten</span>
                        </a>
                    
                
            
        </div>

        <img class="article_image" alt="CALDO AVECREM GALLINA BLANCA POLLO 18 PASTILLAS" data-original="//static.condisline.com/resize_190x200/images/catalog/large/116043.jpg" src="//static.condisline.com/resize_190x200/images/catalog/large/116043.jpg" width="190" height="200" style="display: block;">

        <meta itemprop="image" content="//static.condisline.com/resize_190x200/images/catalog/large/116043.jpg">

        <div class="article_price_container" itemprop="offers" itemscope="" itemtype="http://schema.org/Offer">

            <!-- Price -->
            
                
                <span class="article_price" itemprop="price"><span id="list_price_116043">2,79</span></span>
                <span class="currency">€</span>
                <script>
                    formatNumber('2.79', 'list_price_116043');
                </script>
            

            <meta itemprop="priceCurrency" content="EUR">
            <div class="unit_container">
                
                    <a class="substract_button" title="Menos" href="javascript:void(0);">-</a>
                
                <label class="quantity_container">
                    
                        
                            <input class="input_quantity_product" id="item_quantity_116043" type="number" data-product="116043" value="" min="1" max="999" required="" autocomplete="off">
                        
                    
                </label>
                
                    <a class="add_button" title="Más" href="javascript:void(0);">+</a>
                    <a class="added_tick" title="Cambiar unidades" href="javascript:void(0);"></a>
                
            </div>

            
                
                    <div class="article_pum">
                        <span>     14,76€/Kilo</span>
                    </div>
                
            

            
                
                    <a data-product-id="116043" class="orange_button btn_add2cart" title="Añadir al carrito" onclick="dataLayer.push({event: 'event_gtm',category:'acciones usuario', action:'a�adir producto desde listado'})" href="javascript:addToCartFromItemList('116043')">AÑADIR AL CARRITO &gt;</a>
                
            
            <span class="added_button">En carrito</span>

            
            
            <a class="white_button" title="Añadir a mi lista" href="javascript:addToListFromItemList('116043')" onclick="dataLayer.push({event: 'event_gtm',category:'acciones usuario', action:'a�adir producto a lista'});">Añadir a mi lista</a>
            
            
        </div>

        
            <a class="article_link" title="Ver ficha de CALDO AVECREM GALLINA BLANCA POLLO 18 PASTILLAS" href="/CALDO-AVECREM-GALLINA-BLANCA-POLLO-18-PASTILLAS_116043_prd_es_ES.jsp" onclick="javascript:callingTaggingEnpoints('')" itemprop="url"></a>
        
        <div class="hover_container">
            <div class="hover">
                <div class="info_symbol"></div>
            </div>
        </div>

        

        
    </article>
            </li>
        
            <li class="article" itemprop="itemListElement" itemscope="" itemtype="http://schema.org/Product">
                
    <article class="article_container" id="item_description_116245">


    
        <a class="article_name" title="Ver ficha de CREMA CONDIS CALABAZA 500 G" href="/CREMA-CONDIS-CALABAZA-500-G_116245_prd_es_ES.jsp" itemprop="url"><span itemprop="name" id="description_text">CREMA CONDIS CALABAZA 500 G</span></a>
    

        <!--informacion de gluten y calorias -->
        <div class="info_container">

            
                <span class="calories">41 <span>kcal</span></span>
                <a class="info" title="Producto con 41 kilocalorías" href="javascript:void(0);">
                    <span class="info_text">Producto con 41 kilocalorías.</span>
                </a>
            

            
                
                    <img class="info_icon" alt="10% Descuento para suscriptores Condisline Prime" src="//static.condisline.com/resize_39x39/images/product_icons/icon_subscription.png" width="39" height="39">

                    
                        <a class="info" title="10% Descuento para suscriptores Condisline Prime" href="javascript:void(0);">
                            <span class="info_text">10% Descuento para suscriptores Condisline Prime</span>
                        </a>
                    
                
                    <img class="info_icon" alt="Producto sin gluten" src="//static.condisline.com/resize_39x39/images/product_icons/no_gluten.png" width="39" height="39">

                    
                        <a class="info" title="Producto sin gluten" href="javascript:void(0);">
                            <span class="info_text">Producto sin gluten</span>
                        </a>
                    
                
                    <img class="info_icon" alt="Marca propia" src="//static.condisline.com/resize_39x39/images/product_icons/marca_propia.png" width="39" height="39">

                    
                        <a class="info" title="Marca propia" href="javascript:void(0);">
                            <span class="info_text">Marca propia</span>
                        </a>
                    
                
            
        </div>

        <img class="article_image" alt="CREMA CONDIS CALABAZA 500 G" data-original="//static.condisline.com/resize_190x200/images/catalog/large/116245.jpg" src="//static.condisline.com/resize_190x200/images/catalog/large/116245.jpg" width="190" height="200" style="display: block;">

        <meta itemprop="image" content="//static.condisline.com/resize_190x200/images/catalog/large/116245.jpg">

        <div class="article_price_container" itemprop="offers" itemscope="" itemtype="http://schema.org/Offer">

            <!-- Price -->
            
                
                <span class="article_price" itemprop="price"><span id="list_price_116245">1,05</span></span>
                <span class="currency">€</span>
                <script>
                    formatNumber('1.05', 'list_price_116245');
                </script>
            

            <meta itemprop="priceCurrency" content="EUR">
            <div class="unit_container">
                
                    <a class="substract_button" title="Menos" href="javascript:void(0);">-</a>
                
                <label class="quantity_container">
                    
                        
                            <input class="input_quantity_product" id="item_quantity_116245" type="number" data-product="116245" value="" min="1" max="999" required="" autocomplete="off">
                        
                    
                </label>
                
                    <a class="add_button" title="Más" href="javascript:void(0);">+</a>
                    <a class="added_tick" title="Cambiar unidades" href="javascript:void(0);"></a>
                
            </div>

            
                
                    <div class="article_pum">
                        <span>      2,10€/Litro</span>
                    </div>
                
            

            
                
                    <a data-product-id="116245" class="orange_button btn_add2cart" title="Añadir al carrito" onclick="dataLayer.push({event: 'event_gtm',category:'acciones usuario', action:'a�adir producto desde listado'})" href="javascript:addToCartFromItemList('116245')">AÑADIR AL CARRITO &gt;</a>
                
            
            <span class="added_button">En carrito</span>

            
            
            <a class="white_button" title="Añadir a mi lista" href="javascript:addToListFromItemList('116245')" onclick="dataLayer.push({event: 'event_gtm',category:'acciones usuario', action:'a�adir producto a lista'});">Añadir a mi lista</a>
            
            
        </div>

        
            <a class="article_link" title="Ver ficha de CREMA CONDIS CALABAZA 500 G" href="/CREMA-CONDIS-CALABAZA-500-G_116245_prd_es_ES.jsp" onclick="javascript:callingTaggingEnpoints('')" itemprop="url"></a>
        
        <div class="hover_container">
            <div class="hover">
                <div class="info_symbol"></div>
            </div>
        </div>

        

        
    </article>
            </li>
        
            <li class="article" itemprop="itemListElement" itemscope="" itemtype="http://schema.org/Product">
                
    <article class="article_container" id="item_description_116246">


    
        <a class="article_name" title="Ver ficha de CREMA CONDIS VERDURAS DEL HUERTO 500 G" href="/CREMA-CONDIS-VERDURAS-DEL-HUERTO-500-G_116246_prd_es_ES.jsp" itemprop="url"><span itemprop="name" id="description_text">CREMA CONDIS VERDURAS DEL HUERTO 500 G</span></a>
    

        <!--informacion de gluten y calorias -->
        <div class="info_container">

            
                <span class="calories">43 <span>kcal</span></span>
                <a class="info" title="Producto con 43 kilocalorías" href="javascript:void(0);">
                    <span class="info_text">Producto con 43 kilocalorías.</span>
                </a>
            

            
                
                    <img class="info_icon" alt="10% Descuento para suscriptores Condisline Prime" src="//static.condisline.com/resize_39x39/images/product_icons/icon_subscription.png" width="39" height="39">

                    
                        <a class="info" title="10% Descuento para suscriptores Condisline Prime" href="javascript:void(0);">
                            <span class="info_text">10% Descuento para suscriptores Condisline Prime</span>
                        </a>
                    
                
                    <img class="info_icon" alt="Producto sin gluten" src="//static.condisline.com/resize_39x39/images/product_icons/no_gluten.png" width="39" height="39">

                    
                        <a class="info" title="Producto sin gluten" href="javascript:void(0);">
                            <span class="info_text">Producto sin gluten</span>
                        </a>
                    
                
                    <img class="info_icon" alt="Marca propia" src="//static.condisline.com/resize_39x39/images/product_icons/marca_propia.png" width="39" height="39">

                    
                        <a class="info" title="Marca propia" href="javascript:void(0);">
                            <span class="info_text">Marca propia</span>
                        </a>
                    
                
            
        </div>

        <img class="article_image" alt="CREMA CONDIS VERDURAS DEL HUERTO 500 G" data-original="//static.condisline.com/resize_190x200/images/catalog/large/116246.jpg" src="//static.condisline.com/resize_190x200/images/catalog/large/116246.jpg" width="190" height="200" style="display: block;">

        <meta itemprop="image" content="//static.condisline.com/resize_190x200/images/catalog/large/116246.jpg">

        <div class="article_price_container" itemprop="offers" itemscope="" itemtype="http://schema.org/Offer">

            <!-- Price -->
            
                
                <span class="article_price" itemprop="price"><span id="list_price_116246">1,05</span></span>
                <span class="currency">€</span>
                <script>
                    formatNumber('1.05', 'list_price_116246');
                </script>
            

            <meta itemprop="priceCurrency" content="EUR">
            <div class="unit_container">
                
                    <a class="substract_button" title="Menos" href="javascript:void(0);">-</a>
                
                <label class="quantity_container">
                    
                        
                            <input class="input_quantity_product" id="item_quantity_116246" type="number" data-product="116246" value="" min="1" max="999" required="" autocomplete="off">
                        
                    
                </label>
                
                    <a class="add_button" title="Más" href="javascript:void(0);">+</a>
                    <a class="added_tick" title="Cambiar unidades" href="javascript:void(0);"></a>
                
            </div>

            
                
                    <div class="article_pum">
                        <span>      2,10€/Litro</span>
                    </div>
                
            

            
                
                    <a data-product-id="116246" class="orange_button btn_add2cart" title="Añadir al carrito" onclick="dataLayer.push({event: 'event_gtm',category:'acciones usuario', action:'a�adir producto desde listado'})" href="javascript:addToCartFromItemList('116246')">AÑADIR AL CARRITO &gt;</a>
                
            
            <span class="added_button">En carrito</span>

            
            
            <a class="white_button" title="Añadir a mi lista" href="javascript:addToListFromItemList('116246')" onclick="dataLayer.push({event: 'event_gtm',category:'acciones usuario', action:'a�adir producto a lista'});">Añadir a mi lista</a>
            
            
        </div>

        
            <a class="article_link" title="Ver ficha de CREMA CONDIS VERDURAS DEL HUERTO 500 G" href="/CREMA-CONDIS-VERDURAS-DEL-HUERTO-500-G_116246_prd_es_ES.jsp" onclick="javascript:callingTaggingEnpoints('')" itemprop="url"></a>
        
        <div class="hover_container">
            <div class="hover">
                <div class="info_symbol"></div>
            </div>
        </div>

        

        
    </article>
            </li>
        
            <li class="article" itemprop="itemListElement" itemscope="" itemtype="http://schema.org/Product">
                
    <article class="article_container" id="item_description_116362">


    
        <a class="article_name" title="Ver ficha de CALDO GALLO POLLO NATURAL 1 L" href="/CALDO-GALLO-POLLO-NATURAL-1-L_116362_prd_es_ES.jsp" itemprop="url"><span itemprop="name" id="description_text">CALDO GALLO POLLO NATURAL 1 L</span></a>
    

        <!--informacion de gluten y calorias -->
        <div class="info_container">

            
                <span class="calories">7 <span>kcal</span></span>
                <a class="info" title="Producto con 7 kilocalorías" href="javascript:void(0);">
                    <span class="info_text">Producto con 7 kilocalorías.</span>
                </a>
            

            
                
                    <img class="info_icon" alt="10% Descuento para suscriptores Condisline Prime" src="//static.condisline.com/resize_39x39/images/product_icons/icon_subscription.png" width="39" height="39">

                    
                        <a class="info" title="10% Descuento para suscriptores Condisline Prime" href="javascript:void(0);">
                            <span class="info_text">10% Descuento para suscriptores Condisline Prime</span>
                        </a>
                    
                
            
        </div>

        <img class="article_image" alt="CALDO GALLO POLLO NATURAL 1 L" data-original="//static.condisline.com/resize_190x200/images/catalog/large/116362.jpg" src="//static.condisline.com/resize_190x200/images/catalog/large/116362.jpg" width="190" height="200" style="display: block;">

        <meta itemprop="image" content="//static.condisline.com/resize_190x200/images/catalog/large/116362.jpg">

        <div class="article_price_container" itemprop="offers" itemscope="" itemtype="http://schema.org/Offer">

            <!-- Price -->
            
                
                <span class="article_price" itemprop="price"><span id="list_price_116362">1,99</span></span>
                <span class="currency">€</span>
                <script>
                    formatNumber('1.99', 'list_price_116362');
                </script>
            

            <meta itemprop="priceCurrency" content="EUR">
            <div class="unit_container">
                
                    <a class="substract_button" title="Menos" href="javascript:void(0);">-</a>
                
                <label class="quantity_container">
                    
                        
                            <input class="input_quantity_product" id="item_quantity_116362" type="number" data-product="116362" value="" min="1" max="999" required="" autocomplete="off">
                        
                    
                </label>
                
                    <a class="add_button" title="Más" href="javascript:void(0);">+</a>
                    <a class="added_tick" title="Cambiar unidades" href="javascript:void(0);"></a>
                
            </div>

            
                
                    <div class="article_pum">
                        <span>      1,99€/Litro</span>
                    </div>
                
            

            
                
                    <a data-product-id="116362" class="orange_button btn_add2cart" title="Añadir al carrito" onclick="dataLayer.push({event: 'event_gtm',category:'acciones usuario', action:'a�adir producto desde listado'})" href="javascript:addToCartFromItemList('116362')">AÑADIR AL CARRITO &gt;</a>
                
            
            <span class="added_button">En carrito</span>

            
            
            <a class="white_button" title="Añadir a mi lista" href="javascript:addToListFromItemList('116362')" onclick="dataLayer.push({event: 'event_gtm',category:'acciones usuario', action:'a�adir producto a lista'});">Añadir a mi lista</a>
            
            
        </div>

        
            <a class="article_link" title="Ver ficha de CALDO GALLO POLLO NATURAL 1 L" href="/CALDO-GALLO-POLLO-NATURAL-1-L_116362_prd_es_ES.jsp" onclick="javascript:callingTaggingEnpoints('')" itemprop="url"></a>
        
        <div class="hover_container">
            <div class="hover">
                <div class="info_symbol"></div>
            </div>
        </div>

        

        
    </article>
            </li>
        
            <li class="article" itemprop="itemListElement" itemscope="" itemtype="http://schema.org/Product">
                
    <article class="article_container" id="item_description_116318">


    
        <a class="article_name" title="Ver ficha de CALDO GALLINA BLANCA CASERO POLLO 0.5 L" href="/CALDO-GALLINA-BLANCA-CASERO-POLLO-0-5-L_116318_prd_es_ES.jsp" itemprop="url"><span itemprop="name" id="description_text">CALDO GALLINA BLANCA CASERO POLLO 0.5 L</span></a>
    

        <!--informacion de gluten y calorias -->
        <div class="info_container">

            
                <span class="calories">5 <span>kcal</span></span>
                <a class="info" title="Producto con 5 kilocalorías" href="javascript:void(0);">
                    <span class="info_text">Producto con 5 kilocalorías.</span>
                </a>
            

            
                
                    <img class="info_icon" alt="10% Descuento para suscriptores Condisline Prime" src="//static.condisline.com/resize_39x39/images/product_icons/icon_subscription.png" width="39" height="39">

                    
                        <a class="info" title="10% Descuento para suscriptores Condisline Prime" href="javascript:void(0);">
                            <span class="info_text">10% Descuento para suscriptores Condisline Prime</span>
                        </a>
                    
                
            
        </div>

        <img class="article_image" alt="CALDO GALLINA BLANCA CASERO POLLO 0.5 L" data-original="//static.condisline.com/resize_190x200/images/catalog/large/116318.jpg" src="//static.condisline.com/resize_190x200/images/catalog/large/116318.jpg" width="190" height="200" style="display: block;">

        <meta itemprop="image" content="//static.condisline.com/resize_190x200/images/catalog/large/116318.jpg">

        <div class="article_price_container" itemprop="offers" itemscope="" itemtype="http://schema.org/Offer">

            <!-- Price -->
            
                
                <span class="article_price" itemprop="price"><span id="list_price_116318">1,39</span></span>
                <span class="currency">€</span>
                <script>
                    formatNumber('1.39', 'list_price_116318');
                </script>
            

            <meta itemprop="priceCurrency" content="EUR">
            <div class="unit_container">
                
                    <a class="substract_button" title="Menos" href="javascript:void(0);">-</a>
                
                <label class="quantity_container">
                    
                        
                            <input class="input_quantity_product" id="item_quantity_116318" type="number" data-product="116318" value="" min="1" max="999" required="" autocomplete="off">
                        
                    
                </label>
                
                    <a class="add_button" title="Más" href="javascript:void(0);">+</a>
                    <a class="added_tick" title="Cambiar unidades" href="javascript:void(0);"></a>
                
            </div>

            
                
                    <div class="article_pum">
                        <span>      2,78€/Litro</span>
                    </div>
                
            

            
                
                    <a data-product-id="116318" class="orange_button btn_add2cart" title="Añadir al carrito" onclick="dataLayer.push({event: 'event_gtm',category:'acciones usuario', action:'a�adir producto desde listado'})" href="javascript:addToCartFromItemList('116318')">AÑADIR AL CARRITO &gt;</a>
                
            
            <span class="added_button">En carrito</span>

            
            
            <a class="white_button" title="Añadir a mi lista" href="javascript:addToListFromItemList('116318')" onclick="dataLayer.push({event: 'event_gtm',category:'acciones usuario', action:'a�adir producto a lista'});">Añadir a mi lista</a>
            
            
        </div>

        
            <a class="article_link" title="Ver ficha de CALDO GALLINA BLANCA CASERO POLLO 0.5 L" href="/CALDO-GALLINA-BLANCA-CASERO-POLLO-0-5-L_116318_prd_es_ES.jsp" onclick="javascript:callingTaggingEnpoints('')" itemprop="url"></a>
        
        <div class="hover_container">
            <div class="hover">
                <div class="info_symbol"></div>
            </div>
        </div>

        

        
    </article>
            </li>
        
            <li class="article" itemprop="itemListElement" itemscope="" itemtype="http://schema.org/Product">
                
    <article class="article_container" id="item_description_116326">


    
        <a class="article_name" title="Ver ficha de CREMA KNORR SETAS DEL BOSQUE 500 ML" href="/CREMA-KNORR-SETAS-DEL-BOSQUE-500-ML_116326_prd_es_ES.jsp" itemprop="url"><span itemprop="name" id="description_text">CREMA KNORR SETAS DEL BOSQUE 500 ML</span></a>
    

        <!--informacion de gluten y calorias -->
        <div class="info_container">

            

            
                
                    <img class="info_icon" alt="10% Descuento para suscriptores Condisline Prime" src="//static.condisline.com/resize_39x39/images/product_icons/icon_subscription.png" width="39" height="39">

                    
                        <a class="info" title="10% Descuento para suscriptores Condisline Prime" href="javascript:void(0);">
                            <span class="info_text">10% Descuento para suscriptores Condisline Prime</span>
                        </a>
                    
                
            
        </div>

        <img class="article_image" alt="CREMA KNORR SETAS DEL BOSQUE 500 ML" data-original="//static.condisline.com/resize_190x200/images/catalog/large/116326.jpg" src="//static.condisline.com/resize_190x200/images/catalog/large/116326.jpg" width="190" height="200" style="display: block;">

        <meta itemprop="image" content="//static.condisline.com/resize_190x200/images/catalog/large/116326.jpg">

        <div class="article_price_container" itemprop="offers" itemscope="" itemtype="http://schema.org/Offer">

            <!-- Price -->
            
                
                <span class="article_price" itemprop="price"><span id="list_price_116326">2,29</span></span>
                <span class="currency">€</span>
                <script>
                    formatNumber('2.29', 'list_price_116326');
                </script>
            

            <meta itemprop="priceCurrency" content="EUR">
            <div class="unit_container">
                
                    <a class="substract_button" title="Menos" href="javascript:void(0);">-</a>
                
                <label class="quantity_container">
                    
                        
                            <input class="input_quantity_product" id="item_quantity_116326" type="number" data-product="116326" value="" min="1" max="999" required="" autocomplete="off">
                        
                    
                </label>
                
                    <a class="add_button" title="Más" href="javascript:void(0);">+</a>
                    <a class="added_tick" title="Cambiar unidades" href="javascript:void(0);"></a>
                
            </div>

            
                
                    <div class="article_pum">
                        <span>      4,58€/Litro</span>
                    </div>
                
            

            
                
                    <a data-product-id="116326" class="orange_button btn_add2cart" title="Añadir al carrito" onclick="dataLayer.push({event: 'event_gtm',category:'acciones usuario', action:'a�adir producto desde listado'})" href="javascript:addToCartFromItemList('116326')">AÑADIR AL CARRITO &gt;</a>
                
            
            <span class="added_button">En carrito</span>

            
            
            <a class="white_button" title="Añadir a mi lista" href="javascript:addToListFromItemList('116326')" onclick="dataLayer.push({event: 'event_gtm',category:'acciones usuario', action:'a�adir producto a lista'});">Añadir a mi lista</a>
            
            
        </div>

        
            <a class="article_link" title="Ver ficha de CREMA KNORR SETAS DEL BOSQUE 500 ML" href="/CREMA-KNORR-SETAS-DEL-BOSQUE-500-ML_116326_prd_es_ES.jsp" onclick="javascript:callingTaggingEnpoints('')" itemprop="url"></a>
        
        <div class="hover_container">
            <div class="hover">
                <div class="info_symbol"></div>
            </div>
        </div>

        

        
    </article>
            </li>
        
    <!--    <ul id="carousel_articles" class="articles_list" itemscope="" itemtype="http://schema.org/ItemList"> -->                    <li class="article" itemprop="itemListElement" itemscope="" itemtype="http://schema.org/Product">                    <article class="article_container" id="item_description_116379">            <a class="article_name" title="Ver ficha de CREMA KNORR CALABAZA 500 ML" href="/CREMA-KNORR-CALABAZA-500-ML_116379_prd_es_ES.jsp" itemprop="url"><span itemprop="name" id="description_text">CREMA KNORR CALABAZA 500 ML</span></a>            <!--informacion de gluten y calorias -->        <div class="info_container">                                                            <img class="info_icon" alt="10% Descuento para suscriptores Condisline Prime" src="//static.condisline.com/resize_39x39/images/product_icons/icon_subscription.png" width="39" height="39">                                            <a class="info" title="10% Descuento para suscriptores Condisline Prime" href="javascript:void(0);">                            <span class="info_text">10% Descuento para suscriptores Condisline Prime</span>                        </a>                                                        </div>        <img class="article_image" alt="CREMA KNORR CALABAZA 500 ML" data-original="//static.condisline.com/resize_190x200/images/catalog/large/116379.jpg" src="//static.condisline.com/resize_190x200/images/catalog/large/116379.jpg" width="190" height="200" style="display: block;">        <meta itemprop="image" content="//static.condisline.com/resize_190x200/images/catalog/large/116379.jpg">        <div class="article_price_container" itemprop="offers" itemscope="" itemtype="http://schema.org/Offer">            <!-- Price -->                                            <span class="article_price" itemprop="price"><span id="list_price_116379">1,89</span></span>                <span class="currency">€</span>                <script>                    formatNumber('1.89', 'list_price_116379');                </script>                        <meta itemprop="priceCurrency" content="EUR">            <div class="unit_container">                                    <a class="substract_button" title="Menos" href="javascript:void(0);">-</a>                                <label class="quantity_container">                                                                        <input class="input_quantity_product" id="item_quantity_116379" type="number" data-product="116379" value="" min="1" max="999" required="" autocomplete="off">                                                            </label>                                    <a class="add_button" title="Más" href="javascript:void(0);">+</a>                    <a class="added_tick" title="Cambiar unidades" href="javascript:void(0);"></a>                            </div>                                                <div class="article_pum">                        <span>      3,78€/Litro</span>                    </div>                                                                            <a data-product-id="116379" class="orange_button btn_add2cart" title="Añadir al carrito" onclick="dataLayer.push({event: 'event_gtm',category:'acciones usuario', action:'a�adir producto desde listado'})" href="javascript:addToCartFromItemList('116379')">AÑADIR AL CARRITO &gt;</a>                                        <span class="added_button">En carrito</span>                                    <a class="white_button" title="Añadir a mi lista" href="javascript:addToListFromItemList('116379')" onclick="dataLayer.push({event: 'event_gtm',category:'acciones usuario', action:'a�adir producto a lista'});">Añadir a mi lista</a>                                </div>                    <a class="article_link" title="Ver ficha de CREMA KNORR CALABAZA 500 ML" href="/CREMA-KNORR-CALABAZA-500-ML_116379_prd_es_ES.jsp" onclick="javascript:callingTaggingEnpoints('')" itemprop="url"></a>                <div class="hover_container">            <div class="hover">                <div class="info_symbol"></div>            </div>        </div>                    </article>            </li>                    <li class="article" itemprop="itemListElement" itemscope="" itemtype="http://schema.org/Product">                    <article class="article_container" id="item_description_116370">            <a class="article_name" title="Ver ficha de CALDO CONDIS VERDURAS 1 L" href="/CALDO-CONDIS-VERDURAS-1-L_116370_prd_es_ES.jsp" itemprop="url"><span itemprop="name" id="description_text">CALDO CONDIS VERDURAS 1 L</span></a>            <!--informacion de gluten y calorias -->        <div class="info_container">                            <span class="calories">3 <span>kcal</span></span>                <a class="info" title="Producto con 3 kilocalorías" href="javascript:void(0);">                    <span class="info_text">Producto con 3 kilocalorías.</span>                </a>                                                            <img class="info_icon" alt="10% Descuento para suscriptores Condisline Prime" src="//static.condisline.com/resize_39x39/images/product_icons/icon_subscription.png" width="39" height="39">                                            <a class="info" title="10% Descuento para suscriptores Condisline Prime" href="javascript:void(0);">                            <span class="info_text">10% Descuento para suscriptores Condisline Prime</span>                        </a>                                                        <img class="info_icon" alt="Producto sin gluten" src="//static.condisline.com/resize_39x39/images/product_icons/no_gluten.png" width="39" height="39">                                            <a class="info" title="Producto sin gluten" href="javascript:void(0);">                            <span class="info_text">Producto sin gluten</span>                        </a>                                                        <img class="info_icon" alt="Marca propia" src="//static.condisline.com/resize_39x39/images/product_icons/marca_propia.png" width="39" height="39">                                            <a class="info" title="Marca propia" href="javascript:void(0);">                            <span class="info_text">Marca propia</span>                        </a>                                                        </div>        <img class="article_image" alt="CALDO CONDIS VERDURAS 1 L" data-original="//static.condisline.com/resize_190x200/images/catalog/large/116370.jpg" src="//static.condisline.com/resize_190x200/images/catalog/large/116370.jpg" width="190" height="200" style="display: block;">        <meta itemprop="image" content="//static.condisline.com/resize_190x200/images/catalog/large/116370.jpg">        <div class="article_price_container" itemprop="offers" itemscope="" itemtype="http://schema.org/Offer">            <!-- Price -->                                            <span class="article_price" itemprop="price"><span id="list_price_116370">1,29</span></span>                <span class="currency">€</span>                <script>                    formatNumber('1.29', 'list_price_116370');                </script>                        <meta itemprop="priceCurrency" content="EUR">            <div class="unit_container">                                    <a class="substract_button" title="Menos" href="javascript:void(0);">-</a>                                <label class="quantity_container">                                                                        <input class="input_quantity_product" id="item_quantity_116370" type="number" data-product="116370" value="" min="1" max="999" required="" autocomplete="off">                                                            </label>                                    <a class="add_button" title="Más" href="javascript:void(0);">+</a>                    <a class="added_tick" title="Cambiar unidades" href="javascript:void(0);"></a>                            </div>                                                <div class="article_pum">                        <span>      1,29€/Litro</span>                    </div>                                                                            <a data-product-id="116370" class="orange_button btn_add2cart" title="Añadir al carrito" onclick="dataLayer.push({event: 'event_gtm',category:'acciones usuario', action:'a�adir producto desde listado'})" href="javascript:addToCartFromItemList('116370')">AÑADIR AL CARRITO &gt;</a>                                        <span class="added_button">En carrito</span>                                    <a class="white_button" title="Añadir a mi lista" href="javascript:addToListFromItemList('116370')" onclick="dataLayer.push({event: 'event_gtm',category:'acciones usuario', action:'a�adir producto a lista'});">Añadir a mi lista</a>                                </div>                    <a class="article_link" title="Ver ficha de CALDO CONDIS VERDURAS 1 L" href="/CALDO-CONDIS-VERDURAS-1-L_116370_prd_es_ES.jsp" onclick="javascript:callingTaggingEnpoints('')" itemprop="url"></a>                <div class="hover_container">            <div class="hover">                <div class="info_symbol"></div>            </div>        </div>                    </article>            </li>                    <li class="article" itemprop="itemListElement" itemscope="" itemtype="http://schema.org/Product">                    <article class="article_container" id="item_description_110466">            <a class="article_name" title="Ver ficha de CREMA ECO CONDIS CALABACIN 490 ML" href="/CREMA-ECO-CONDIS-CALABACIN-490-ML_110466_prd_es_ES.jsp" itemprop="url"><span itemprop="name" id="description_text">CREMA ECO CONDIS CALABACIN 490 ML</span></a>            <!--informacion de gluten y calorias -->        <div class="info_container">                            <span class="calories">36 <span>kcal</span></span>                <a class="info" title="Producto con 36 kilocalorías" href="javascript:void(0);">                    <span class="info_text">Producto con 36 kilocalorías.</span>                </a>                                                            <img class="info_icon" alt="10% Descuento para suscriptores Condisline Prime" src="//static.condisline.com/resize_39x39/images/product_icons/icon_subscription.png" width="39" height="39">                                            <a class="info" title="10% Descuento para suscriptores Condisline Prime" href="javascript:void(0);">                            <span class="info_text">10% Descuento para suscriptores Condisline Prime</span>                        </a>                                                        <img class="info_icon" alt="Producto sin gluten" src="//static.condisline.com/resize_39x39/images/product_icons/no_gluten.png" width="39" height="39">                                            <a class="info" title="Producto sin gluten" href="javascript:void(0);">                            <span class="info_text">Producto sin gluten</span>                        </a>                                                        <img class="info_icon" alt="Producto ecológico" src="//static.condisline.com/resize_39x39/images/product_icons/icon_eco.jpg" width="39" height="39">                                            <a class="info" title="Producto ecológico" href="javascript:void(0);">                            <span class="info_text">Producto ecológico</span>                        </a>                                                        <img class="info_icon" alt="Marca propia" src="//static.condisline.com/resize_39x39/images/product_icons/marca_propia.png" width="39" height="39">                                            <a class="info" title="Marca propia" href="javascript:void(0);">                            <span class="info_text">Marca propia</span>                        </a>                                                        </div>        <img class="article_image" alt="CREMA ECO CONDIS CALABACIN 490 ML" data-original="//static.condisline.com/resize_190x200/images/catalog/large/110466.jpg" src="//static.condisline.com/resize_190x200/images/catalog/large/110466.jpg" width="190" height="200" style="display: block;">        <meta itemprop="image" content="//static.condisline.com/resize_190x200/images/catalog/large/110466.jpg">        <div class="article_price_container" itemprop="offers" itemscope="" itemtype="http://schema.org/Offer">            <!-- Price -->                                            <span class="article_price" itemprop="price"><span id="list_price_110466">3,55</span></span>                <span class="currency">€</span>                <script>                    formatNumber('3.55', 'list_price_110466');                </script>                        <meta itemprop="priceCurrency" content="EUR">            <div class="unit_container">                                    <a class="substract_button" title="Menos" href="javascript:void(0);">-</a>                                <label class="quantity_container">                                                                        <input class="input_quantity_product" id="item_quantity_110466" type="number" data-product="110466" value="" min="1" max="999" required="" autocomplete="off">                                                            </label>                                    <a class="add_button" title="Más" href="javascript:void(0);">+</a>                    <a class="added_tick" title="Cambiar unidades" href="javascript:void(0);"></a>                            </div>                                                <div class="article_pum">                        <span>      7,24€/Litro</span>                    </div>                                                                            <a data-product-id="110466" class="orange_button btn_add2cart" title="Añadir al carrito" onclick="dataLayer.push({event: 'event_gtm',category:'acciones usuario', action:'a�adir producto desde listado'})" href="javascript:addToCartFromItemList('110466')">AÑADIR AL CARRITO &gt;</a>                                        <span class="added_button">En carrito</span>                                    <a class="white_button" title="Añadir a mi lista" href="javascript:addToListFromItemList('110466')" onclick="dataLayer.push({event: 'event_gtm',category:'acciones usuario', action:'a�adir producto a lista'});">Añadir a mi lista</a>                                </div>                    <a class="article_link" title="Ver ficha de CREMA ECO CONDIS CALABACIN 490 ML" href="/CREMA-ECO-CONDIS-CALABACIN-490-ML_110466_prd_es_ES.jsp" onclick="javascript:callingTaggingEnpoints('')" itemprop="url"></a>                <div class="hover_container">            <div class="hover">                <div class="info_symbol"></div>            </div>        </div>                    </article>            </li>                    <li class="article" itemprop="itemListElement" itemscope="" itemtype="http://schema.org/Product">                    <article class="article_container" id="item_description_116364">            <a class="article_name" title="Ver ficha de CALDO GALLO VERDURAS 1 L" href="/CALDO-GALLO-VERDURAS-1-L_116364_prd_es_ES.jsp" itemprop="url"><span itemprop="name" id="description_text">CALDO GALLO VERDURAS 1 L</span></a>            <!--informacion de gluten y calorias -->        <div class="info_container">                            <span class="calories">5 <span>kcal</span></span>                <a class="info" title="Producto con 5 kilocalorías" href="javascript:void(0);">                    <span class="info_text">Producto con 5 kilocalorías.</span>                </a>                                                            <img class="info_icon" alt="10% Descuento para suscriptores Condisline Prime" src="//static.condisline.com/resize_39x39/images/product_icons/icon_subscription.png" width="39" height="39">                                            <a class="info" title="10% Descuento para suscriptores Condisline Prime" href="javascript:void(0);">                            <span class="info_text">10% Descuento para suscriptores Condisline Prime</span>                        </a>                                                        </div>        <img class="article_image" alt="CALDO GALLO VERDURAS 1 L" data-original="//static.condisline.com/resize_190x200/images/catalog/large/116364.jpg" src="//static.condisline.com/resize_190x200/images/catalog/large/116364.jpg" width="190" height="200" style="display: block;">        <meta itemprop="image" content="//static.condisline.com/resize_190x200/images/catalog/large/116364.jpg">        <div class="article_price_container" itemprop="offers" itemscope="" itemtype="http://schema.org/Offer">            <!-- Price -->                                            <span class="article_price" itemprop="price"><span id="list_price_116364">1,99</span></span>                <span class="currency">€</span>                <script>                    formatNumber('1.99', 'list_price_116364');                </script>                        <meta itemprop="priceCurrency" content="EUR">            <div class="unit_container">                                    <a class="substract_button" title="Menos" href="javascript:void(0);">-</a>                                <label class="quantity_container">                                                                        <input class="input_quantity_product" id="item_quantity_116364" type="number" data-product="116364" value="" min="1" max="999" required="" autocomplete="off">                                                            </label>                                    <a class="add_button" title="Más" href="javascript:void(0);">+</a>                    <a class="added_tick" title="Cambiar unidades" href="javascript:void(0);"></a>                            </div>                                                <div class="article_pum">                        <span>      1,99€/Litro</span>                    </div>                                                                            <a data-product-id="116364" class="orange_button btn_add2cart" title="Añadir al carrito" onclick="dataLayer.push({event: 'event_gtm',category:'acciones usuario', action:'a�adir producto desde listado'})" href="javascript:addToCartFromItemList('116364')">AÑADIR AL CARRITO &gt;</a>                                        <span class="added_button">En carrito</span>                                    <a class="white_button" title="Añadir a mi lista" href="javascript:addToListFromItemList('116364')" onclick="dataLayer.push({event: 'event_gtm',category:'acciones usuario', action:'a�adir producto a lista'});">Añadir a mi lista</a>                                </div>                    <a class="article_link" title="Ver ficha de CALDO GALLO VERDURAS 1 L" href="/CALDO-GALLO-VERDURAS-1-L_116364_prd_es_ES.jsp" onclick="javascript:callingTaggingEnpoints('')" itemprop="url"></a>                <div class="hover_container">            <div class="hover">                <div class="info_symbol"></div>            </div>        </div>                    </article>            </li>                    <li class="article" itemprop="itemListElement" itemscope="" itemtype="http://schema.org/Product">                    <article class="article_container" id="item_description_116322">            <a class="article_name" title="Ver ficha de CREMA KNORR DE ALICIA 500 ML" href="/CREMA-KNORR-DE-ALICIA-500-ML_116322_prd_es_ES.jsp" itemprop="url"><span itemprop="name" id="description_text">CREMA KNORR DE ALICIA 500 ML</span></a>            <!--informacion de gluten y calorias -->        <div class="info_container">                            <span class="calories">70 <span>kcal</span></span>                <a class="info" title="Producto con 70 kilocalorías" href="javascript:void(0);">                    <span class="info_text">Producto con 70 kilocalorías.</span>                </a>                                                            <img class="info_icon" alt="10% Descuento para suscriptores Condisline Prime" src="//static.condisline.com/resize_39x39/images/product_icons/icon_subscription.png" width="39" height="39">                                            <a class="info" title="10% Descuento para suscriptores Condisline Prime" href="javascript:void(0);">                            <span class="info_text">10% Descuento para suscriptores Condisline Prime</span>                        </a>                                                        </div>        <img class="article_image" alt="CREMA KNORR DE ALICIA 500 ML" data-original="//static.condisline.com/resize_190x200/images/catalog/large/116322.jpg" src="//static.condisline.com/resize_190x200/images/catalog/large/116322.jpg" width="190" height="200" style="display: block;">        <meta itemprop="image" content="//static.condisline.com/resize_190x200/images/catalog/large/116322.jpg">        <div class="article_price_container" itemprop="offers" itemscope="" itemtype="http://schema.org/Offer">            <!-- Price -->                                            <span class="article_price" itemprop="price"><span id="list_price_116322">2,29</span></span>                <span class="currency">€</span>                <script>                    formatNumber('2.29', 'list_price_116322');                </script>                        <meta itemprop="priceCurrency" content="EUR">            <div class="unit_container">                                    <a class="substract_button" title="Menos" href="javascript:void(0);">-</a>                                <label class="quantity_container">                                                                        <input class="input_quantity_product" id="item_quantity_116322" type="number" data-product="116322" value="" min="1" max="999" required="" autocomplete="off">                                                            </label>                                    <a class="add_button" title="Más" href="javascript:void(0);">+</a>                    <a class="added_tick" title="Cambiar unidades" href="javascript:void(0);"></a>                            </div>                                                <div class="article_pum">                        <span>      4,58€/Litro</span>                    </div>                                                                            <a data-product-id="116322" class="orange_button btn_add2cart" title="Añadir al carrito" onclick="dataLayer.push({event: 'event_gtm',category:'acciones usuario', action:'a�adir producto desde listado'})" href="javascript:addToCartFromItemList('116322')">AÑADIR AL CARRITO &gt;</a>                                        <span class="added_button">En carrito</span>                                    <a class="white_button" title="Añadir a mi lista" href="javascript:addToListFromItemList('116322')" onclick="dataLayer.push({event: 'event_gtm',category:'acciones usuario', action:'a�adir producto a lista'});">Añadir a mi lista</a>                                </div>                    <a class="article_link" title="Ver ficha de CREMA KNORR DE ALICIA 500 ML" href="/CREMA-KNORR-DE-ALICIA-500-ML_116322_prd_es_ES.jsp" onclick="javascript:callingTaggingEnpoints('')" itemprop="url"></a>                <div class="hover_container">            <div class="hover">                <div class="info_symbol"></div>            </div>        </div>                    </article>            </li>                    <li class="article" itemprop="itemListElement" itemscope="" itemtype="http://schema.org/Product">                    <article class="article_container" id="item_description_116183">            <a class="article_name" title="Ver ficha de CALDO ANETO POLLO ECOLÓGICO 1 L" href="/CALDO-ANETO-POLLO-ECOLOGICO-1-L_116183_prd_es_ES.jsp" itemprop="url"><span itemprop="name" id="description_text">CALDO ANETO POLLO ECOLÓGICO 1 L</span></a>            <!--informacion de gluten y calorias -->        <div class="info_container">                            <span class="calories">7 <span>kcal</span></span>                <a class="info" title="Producto con 7 kilocalorías" href="javascript:void(0);">                    <span class="info_text">Producto con 7 kilocalorías.</span>                </a>                                                            <img class="info_icon" alt="10% Descuento para suscriptores Condisline Prime" src="//static.condisline.com/resize_39x39/images/product_icons/icon_subscription.png" width="39" height="39">                                            <a class="info" title="10% Descuento para suscriptores Condisline Prime" href="javascript:void(0);">                            <span class="info_text">10% Descuento para suscriptores Condisline Prime</span>                        </a>                                                        <img class="info_icon" alt="Producto sin gluten" src="//static.condisline.com/resize_39x39/images/product_icons/no_gluten.png" width="39" height="39">                                            <a class="info" title="Producto sin gluten" href="javascript:void(0);">                            <span class="info_text">Producto sin gluten</span>                        </a>                                                        <img class="info_icon" alt="Producto sin lactosa" src="//static.condisline.com/resize_39x39/images/product_icons/no_lactosa.png" width="39" height="39">                                            <a class="info" title="Producto sin lactosa" href="javascript:void(0);">                            <span class="info_text">Producto sin lactosa</span>                        </a>                                                        <img class="info_icon" alt="Producto ecológico" src="//static.condisline.com/resize_39x39/images/product_icons/icon_eco.jpg" width="39" height="39">                                            <a class="info" title="Producto ecológico" href="javascript:void(0);">                            <span class="info_text">Producto ecológico</span>                        </a>                                                        </div>        <img class="article_image" alt="CALDO ANETO POLLO ECOLÓGICO 1 L" data-original="//static.condisline.com/resize_190x200/images/catalog/large/116183.jpg" src="//static.condisline.com/resize_190x200/images/catalog/large/116183.jpg" width="190" height="200" style="display: block;">        <meta itemprop="image" content="//static.condisline.com/resize_190x200/images/catalog/large/116183.jpg">        <div class="article_price_container" itemprop="offers" itemscope="" itemtype="http://schema.org/Offer">            <!-- Price -->                                            <span class="article_price" itemprop="price"><span id="list_price_116183">5,35</span></span>                <span class="currency">€</span>                <script>                    formatNumber('5.35', 'list_price_116183');                </script>                        <meta itemprop="priceCurrency" content="EUR">            <div class="unit_container">                                    <a class="substract_button" title="Menos" href="javascript:void(0);">-</a>                                <label class="quantity_container">                                                                        <input class="input_quantity_product" id="item_quantity_116183" type="number" data-product="116183" value="" min="1" max="999" required="" autocomplete="off">                                                            </label>                                    <a class="add_button" title="Más" href="javascript:void(0);">+</a>                    <a class="added_tick" title="Cambiar unidades" href="javascript:void(0);"></a>                            </div>                                                <div class="article_pum">                        <span>      5,35€/Litro</span>                    </div>                                                                            <a data-product-id="116183" class="orange_button btn_add2cart" title="Añadir al carrito" onclick="dataLayer.push({event: 'event_gtm',category:'acciones usuario', action:'a�adir producto desde listado'})" href="javascript:addToCartFromItemList('116183')">AÑADIR AL CARRITO &gt;</a>                                        <span class="added_button">En carrito</span>                                    <a class="white_button" title="Añadir a mi lista" href="javascript:addToListFromItemList('116183')" onclick="dataLayer.push({event: 'event_gtm',category:'acciones usuario', action:'a�adir producto a lista'});">Añadir a mi lista</a>                                </div>                    <a class="article_link" title="Ver ficha de CALDO ANETO POLLO ECOLÓGICO 1 L" href="/CALDO-ANETO-POLLO-ECOLOGICO-1-L_116183_prd_es_ES.jsp" onclick="javascript:callingTaggingEnpoints('')" itemprop="url"></a>                <div class="hover_container">            <div class="hover">                <div class="info_symbol"></div>            </div>        </div>                    </article>            </li>                    <li class="article" itemprop="itemListElement" itemscope="" itemtype="http://schema.org/Product">                    <article class="article_container" id="item_description_116309">            <a class="article_name" title="Ver ficha de CREMA GALLINA BLANCA POLLO CON VERDURAS 500 ML" href="/CREMA-GALLINA-BLANCA-POLLO-CON-VERDURAS-500-ML_116309_prd_es_ES.jsp" itemprop="url"><span itemprop="name" id="description_text">CREMA GALLINA BLANCA POLLO CON VERDURAS 500 ML</span></a>            <!--informacion de gluten y calorias -->        <div class="info_container">                            <span class="calories">51 <span>kcal</span></span>                <a class="info" title="Producto con 51 kilocalorías" href="javascript:void(0);">                    <span class="info_text">Producto con 51 kilocalorías.</span>                </a>                                                            <img class="info_icon" alt="10% Descuento para suscriptores Condisline Prime" src="//static.condisline.com/resize_39x39/images/product_icons/icon_subscription.png" width="39" height="39">                                            <a class="info" title="10% Descuento para suscriptores Condisline Prime" href="javascript:void(0);">                            <span class="info_text">10% Descuento para suscriptores Condisline Prime</span>                        </a>                                                        </div>        <img class="article_image" alt="CREMA GALLINA BLANCA POLLO CON VERDURAS 500 ML" data-original="//static.condisline.com/resize_190x200/images/catalog/large/116309.jpg" src="//static.condisline.com/resize_190x200/images/catalog/large/116309.jpg" width="190" height="200" style="display: block;">        <meta itemprop="image" content="//static.condisline.com/resize_190x200/images/catalog/large/116309.jpg">        <div class="article_price_container" itemprop="offers" itemscope="" itemtype="http://schema.org/Offer">            <!-- Price -->                                            <span class="article_price" itemprop="price"><span id="list_price_116309">1,99</span></span>                <span class="currency">€</span>                <script>                    formatNumber('1.99', 'list_price_116309');                </script>                        <meta itemprop="priceCurrency" content="EUR">            <div class="unit_container">                                    <a class="substract_button" title="Menos" href="javascript:void(0);">-</a>                                <label class="quantity_container">                                                                        <input class="input_quantity_product" id="item_quantity_116309" type="number" data-product="116309" value="" min="1" max="999" required="" autocomplete="off">                                                            </label>                                    <a class="add_button" title="Más" href="javascript:void(0);">+</a>                    <a class="added_tick" title="Cambiar unidades" href="javascript:void(0);"></a>                            </div>                                                <div class="article_pum">                        <span>      3,98€/Litro</span>                    </div>                                                                            <a data-product-id="116309" class="orange_button btn_add2cart" title="Añadir al carrito" onclick="dataLayer.push({event: 'event_gtm',category:'acciones usuario', action:'a�adir producto desde listado'})" href="javascript:addToCartFromItemList('116309')">AÑADIR AL CARRITO &gt;</a>                                        <span class="added_button">En carrito</span>                                    <a class="white_button" title="Añadir a mi lista" href="javascript:addToListFromItemList('116309')" onclick="dataLayer.push({event: 'event_gtm',category:'acciones usuario', action:'a�adir producto a lista'});">Añadir a mi lista</a>                                </div>                    <a class="article_link" title="Ver ficha de CREMA GALLINA BLANCA POLLO CON VERDURAS 500 ML" href="/CREMA-GALLINA-BLANCA-POLLO-CON-VERDURAS-500-ML_116309_prd_es_ES.jsp" onclick="javascript:callingTaggingEnpoints('')" itemprop="url"></a>                <div class="hover_container">            <div class="hover">                <div class="info_symbol"></div>            </div>        </div>                    </article>            </li>                    <li class="article" itemprop="itemListElement" itemscope="" itemtype="http://schema.org/Product">                    <article class="article_container" id="item_description_116312">            <a class="article_name" title="Ver ficha de CALDO NATURAL ANETO ESCUDELLA 1 L" href="/CALDO-NATURAL-ANETO-ESCUDELLA-1-L_116312_prd_es_ES.jsp" itemprop="url"><span itemprop="name" id="description_text">CALDO NATURAL ANETO ESCUDELLA 1 L</span></a>            <!--informacion de gluten y calorias -->        <div class="info_container">                            <span class="calories">13 <span>kcal</span></span>                <a class="info" title="Producto con 13 kilocalorías" href="javascript:void(0);">                    <span class="info_text">Producto con 13 kilocalorías.</span>                </a>                                                            <img class="info_icon" alt="10% Descuento para suscriptores Condisline Prime" src="//static.condisline.com/resize_39x39/images/product_icons/icon_subscription.png" width="39" height="39">                                            <a class="info" title="10% Descuento para suscriptores Condisline Prime" href="javascript:void(0);">                            <span class="info_text">10% Descuento para suscriptores Condisline Prime</span>                        </a>                                                        <img class="info_icon" alt="Producto sin gluten" src="//static.condisline.com/resize_39x39/images/product_icons/no_gluten.png" width="39" height="39">                                            <a class="info" title="Producto sin gluten" href="javascript:void(0);">                            <span class="info_text">Producto sin gluten</span>                        </a>                                                        <img class="info_icon" alt="Producto sin lactosa" src="//static.condisline.com/resize_39x39/images/product_icons/no_lactosa.png" width="39" height="39">                                            <a class="info" title="Producto sin lactosa" href="javascript:void(0);">                            <span class="info_text">Producto sin lactosa</span>                        </a>                                                        </div>        <img class="article_image" alt="CALDO NATURAL ANETO ESCUDELLA 1 L" data-original="//static.condisline.com/resize_190x200/images/catalog/large/116312.jpg" src="//static.condisline.com/resize_190x200/images/catalog/large/116312.jpg" width="190" height="200" style="display: block;">        <meta itemprop="image" content="//static.condisline.com/resize_190x200/images/catalog/large/116312.jpg">        <div class="article_price_container" itemprop="offers" itemscope="" itemtype="http://schema.org/Offer">            <!-- Price -->                                            <span class="article_price" itemprop="price"><span id="list_price_116312">4,50</span></span>                <span class="currency">€</span>                <script>                    formatNumber('4.5', 'list_price_116312');                </script>                        <meta itemprop="priceCurrency" content="EUR">            <div class="unit_container">                                    <a class="substract_button" title="Menos" href="javascript:void(0);">-</a>                                <label class="quantity_container">                                                                        <input class="input_quantity_product" id="item_quantity_116312" type="number" data-product="116312" value="" min="1" max="999" required="" autocomplete="off">                                                            </label>                                    <a class="add_button" title="Más" href="javascript:void(0);">+</a>                    <a class="added_tick" title="Cambiar unidades" href="javascript:void(0);"></a>                            </div>                                                <div class="article_pum">                        <span>      4,50€/Litro</span>                    </div>                                                                            <a data-product-id="116312" class="orange_button btn_add2cart" title="Añadir al carrito" onclick="dataLayer.push({event: 'event_gtm',category:'acciones usuario', action:'a�adir producto desde listado'})" href="javascript:addToCartFromItemList('116312')">AÑADIR AL CARRITO &gt;</a>                                        <span class="added_button">En carrito</span>                                    <a class="white_button" title="Añadir a mi lista" href="javascript:addToListFromItemList('116312')" onclick="dataLayer.push({event: 'event_gtm',category:'acciones usuario', action:'a�adir producto a lista'});">Añadir a mi lista</a>                                </div>                    <a class="article_link" title="Ver ficha de CALDO NATURAL ANETO ESCUDELLA 1 L" href="/CALDO-NATURAL-ANETO-ESCUDELLA-1-L_116312_prd_es_ES.jsp" onclick="javascript:callingTaggingEnpoints('')" itemprop="url"></a>                <div class="hover_container">            <div class="hover">                <div class="info_symbol"></div>            </div>        </div>                    </article>            </li>                    <li class="article" itemprop="itemListElement" itemscope="" itemtype="http://schema.org/Product">                    <article class="article_container" id="item_description_116270">            <a class="article_name" title="Ver ficha de CALDO CONDIS DESHIDRATADO VERDURAS 12 PASTILLAS" href="/CALDO-CONDIS-DESHIDRATADO-VERDURAS-12-PASTILLAS_116270_prd_es_ES.jsp" itemprop="url"><span itemprop="name" id="description_text">CALDO CONDIS DESHIDRATADO VERDURAS 12 PASTILLAS</span></a>            <!--informacion de gluten y calorias -->        <div class="info_container">                            <span class="calories">194 <span>kcal</span></span>                <a class="info" title="Producto con 194 kilocalorías" href="javascript:void(0);">                    <span class="info_text">Producto con 194 kilocalorías.</span>                </a>                                                            <img class="info_icon" alt="10% Descuento para suscriptores Condisline Prime" src="//static.condisline.com/resize_39x39/images/product_icons/icon_subscription.png" width="39" height="39">                                            <a class="info" title="10% Descuento para suscriptores Condisline Prime" href="javascript:void(0);">                            <span class="info_text">10% Descuento para suscriptores Condisline Prime</span>                        </a>                                                        <img class="info_icon" alt="Producto sin gluten" src="//static.condisline.com/resize_39x39/images/product_icons/no_gluten.png" width="39" height="39">                                            <a class="info" title="Producto sin gluten" href="javascript:void(0);">                            <span class="info_text">Producto sin gluten</span>                        </a>                                                        <img class="info_icon" alt="Marca propia" src="//static.condisline.com/resize_39x39/images/product_icons/marca_propia.png" width="39" height="39">                                            <a class="info" title="Marca propia" href="javascript:void(0);">                            <span class="info_text">Marca propia</span>                        </a>                                                        </div>        <img class="article_image" alt="CALDO CONDIS DESHIDRATADO VERDURAS 12 PASTILLAS" data-original="//static.condisline.com/resize_190x200/images/catalog/large/116270.jpg" src="//static.condisline.com/resize_190x200/images/catalog/large/116270.jpg" width="190" height="200" style="display: block;">        <meta itemprop="image" content="//static.condisline.com/resize_190x200/images/catalog/large/116270.jpg">        <div class="article_price_container" itemprop="offers" itemscope="" itemtype="http://schema.org/Offer">            <!-- Price -->                                            <span class="article_price" itemprop="price"><span id="list_price_116270">0,82</span></span>                <span class="currency">€</span>                <script>                    formatNumber('0.82', 'list_price_116270');                </script>                        <meta itemprop="priceCurrency" content="EUR">            <div class="unit_container">                                    <a class="substract_button" title="Menos" href="javascript:void(0);">-</a>                                <label class="quantity_container">                                                                        <input class="input_quantity_product" id="item_quantity_116270" type="number" data-product="116270" value="" min="1" max="999" required="" autocomplete="off">                                                            </label>                                    <a class="add_button" title="Más" href="javascript:void(0);">+</a>                    <a class="added_tick" title="Cambiar unidades" href="javascript:void(0);"></a>                            </div>                                                <div class="article_pum">                        <span>      6,83€/Kilo</span>                    </div>                                                                            <a data-product-id="116270" class="orange_button btn_add2cart" title="Añadir al carrito" onclick="dataLayer.push({event: 'event_gtm',category:'acciones usuario', action:'a�adir producto desde listado'})" href="javascript:addToCartFromItemList('116270')">AÑADIR AL CARRITO &gt;</a>                                        <span class="added_button">En carrito</span>                                    <a class="white_button" title="Añadir a mi lista" href="javascript:addToListFromItemList('116270')" onclick="dataLayer.push({event: 'event_gtm',category:'acciones usuario', action:'a�adir producto a lista'});">Añadir a mi lista</a>                                </div>                    <a class="article_link" title="Ver ficha de CALDO CONDIS DESHIDRATADO VERDURAS 12 PASTILLAS" href="/CALDO-CONDIS-DESHIDRATADO-VERDURAS-12-PASTILLAS_116270_prd_es_ES.jsp" onclick="javascript:callingTaggingEnpoints('')" itemprop="url"></a>                <div class="hover_container">            <div class="hover">                <div class="info_symbol"></div>            </div>        </div>                    </article>            </li>                    <li class="article" itemprop="itemListElement" itemscope="" itemtype="http://schema.org/Product">                    <article class="article_container" id="item_description_116228">            <a class="article_name" title="Ver ficha de CALDO GALLINA BLANCA PESCADO 2X 1 L" href="/CALDO-GALLINA-BLANCA-PESCADO-2X-1-L_116228_prd_es_ES.jsp" itemprop="url"><span itemprop="name" id="description_text">CALDO GALLINA BLANCA PESCADO 2X 1 L</span></a>            <!--informacion de gluten y calorias -->        <div class="info_container">                            <span class="calories">6 <span>kcal</span></span>                <a class="info" title="Producto con 6 kilocalorías" href="javascript:void(0);">                    <span class="info_text">Producto con 6 kilocalorías.</span>                </a>                                                            <img class="info_icon" alt="10% Descuento para suscriptores Condisline Prime" src="//static.condisline.com/resize_39x39/images/product_icons/icon_subscription.png" width="39" height="39">                                            <a class="info" title="10% Descuento para suscriptores Condisline Prime" href="javascript:void(0);">                            <span class="info_text">10% Descuento para suscriptores Condisline Prime</span>                        </a>                                                        </div>        <img class="article_image" alt="CALDO GALLINA BLANCA PESCADO 2X 1 L" data-original="//static.condisline.com/resize_190x200/images/catalog/large/116228.jpg" src="//static.condisline.com/resize_190x200/images/catalog/large/116228.jpg" width="190" height="200" style="display: block;">        <meta itemprop="image" content="//static.condisline.com/resize_190x200/images/catalog/large/116228.jpg">        <div class="article_price_container" itemprop="offers" itemscope="" itemtype="http://schema.org/Offer">            <!-- Price -->                                            <span class="article_price" itemprop="price"><span id="list_price_116228">4,19</span></span>                <span class="currency">€</span>                <script>                    formatNumber('4.19', 'list_price_116228');                </script>                        <meta itemprop="priceCurrency" content="EUR">            <div class="unit_container">                                    <a class="substract_button" title="Menos" href="javascript:void(0);">-</a>                                <label class="quantity_container">                                                                        <input class="input_quantity_product" id="item_quantity_116228" type="number" data-product="116228" value="" min="1" max="999" required="" autocomplete="off">                                                            </label>                                    <a class="add_button" title="Más" href="javascript:void(0);">+</a>                    <a class="added_tick" title="Cambiar unidades" href="javascript:void(0);"></a>                            </div>                                                <div class="article_pum">                        <span>      2,10€/Litro</span>                    </div>                                                                            <a data-product-id="116228" class="orange_button btn_add2cart" title="Añadir al carrito" onclick="dataLayer.push({event: 'event_gtm',category:'acciones usuario', action:'a�adir producto desde listado'})" href="javascript:addToCartFromItemList('116228')">AÑADIR AL CARRITO &gt;</a>                                        <span class="added_button">En carrito</span>                                    <a class="white_button" title="Añadir a mi lista" href="javascript:addToListFromItemList('116228')" onclick="dataLayer.push({event: 'event_gtm',category:'acciones usuario', action:'a�adir producto a lista'});">Añadir a mi lista</a>                                </div>                    <a class="article_link" title="Ver ficha de CALDO GALLINA BLANCA PESCADO 2X 1 L" href="/CALDO-GALLINA-BLANCA-PESCADO-2X-1-L_116228_prd_es_ES.jsp" onclick="javascript:callingTaggingEnpoints('')" itemprop="url"></a>                <div class="hover_container">            <div class="hover">                <div class="info_symbol"></div>            </div>        </div>                    </article>            </li>                    <li class="article" itemprop="itemListElement" itemscope="" itemtype="http://schema.org/Product">                    <article class="article_container" id="item_description_116363">            <a class="article_name" title="Ver ficha de CALDO GALLO POLLO CON JAMÓN IBÉRICO 1 L" href="/CALDO-GALLO-POLLO-CON-JAMON-IBERICO-1-L_116363_prd_es_ES.jsp" itemprop="url"><span itemprop="name" id="description_text">CALDO GALLO POLLO CON JAMÓN IBÉRICO 1 L</span></a>            <!--informacion de gluten y calorias -->        <div class="info_container">                            <span class="calories">7 <span>kcal</span></span>                <a class="info" title="Producto con 7 kilocalorías" href="javascript:void(0);">                    <span class="info_text">Producto con 7 kilocalorías.</span>                </a>                                                            <img class="info_icon" alt="10% Descuento para suscriptores Condisline Prime" src="//static.condisline.com/resize_39x39/images/product_icons/icon_subscription.png" width="39" height="39">                                            <a class="info" title="10% Descuento para suscriptores Condisline Prime" href="javascript:void(0);">                            <span class="info_text">10% Descuento para suscriptores Condisline Prime</span>                        </a>                                                        </div>        <img class="article_image" alt="CALDO GALLO POLLO CON JAMÓN IBÉRICO 1 L" data-original="//static.condisline.com/resize_190x200/images/catalog/large/116363.jpg" src="//static.condisline.com/resize_190x200/images/catalog/large/116363.jpg" width="190" height="200" style="display: block;">        <meta itemprop="image" content="//static.condisline.com/resize_190x200/images/catalog/large/116363.jpg">        <div class="article_price_container" itemprop="offers" itemscope="" itemtype="http://schema.org/Offer">            <!-- Price -->                                            <span class="article_price" itemprop="price"><span id="list_price_116363">1,99</span></span>                <span class="currency">€</span>                <script>                    formatNumber('1.99', 'list_price_116363');                </script>                        <meta itemprop="priceCurrency" content="EUR">            <div class="unit_container">                                    <a class="substract_button" title="Menos" href="javascript:void(0);">-</a>                                <label class="quantity_container">                                                                        <input class="input_quantity_product" id="item_quantity_116363" type="number" data-product="116363" value="" min="1" max="999" required="" autocomplete="off">                                                            </label>                                    <a class="add_button" title="Más" href="javascript:void(0);">+</a>                    <a class="added_tick" title="Cambiar unidades" href="javascript:void(0);"></a>                            </div>                                                <div class="article_pum">                        <span>      1,99€/Litro</span>                    </div>                                                                            <a data-product-id="116363" class="orange_button btn_add2cart" title="Añadir al carrito" onclick="dataLayer.push({event: 'event_gtm',category:'acciones usuario', action:'a�adir producto desde listado'})" href="javascript:addToCartFromItemList('116363')">AÑADIR AL CARRITO &gt;</a>                                        <span class="added_button">En carrito</span>                                    <a class="white_button" title="Añadir a mi lista" href="javascript:addToListFromItemList('116363')" onclick="dataLayer.push({event: 'event_gtm',category:'acciones usuario', action:'a�adir producto a lista'});">Añadir a mi lista</a>                                </div>                    <a class="article_link" title="Ver ficha de CALDO GALLO POLLO CON JAMÓN IBÉRICO 1 L" href="/CALDO-GALLO-POLLO-CON-JAMON-IBERICO-1-L_116363_prd_es_ES.jsp" onclick="javascript:callingTaggingEnpoints('')" itemprop="url"></a>                <div class="hover_container">            <div class="hover">                <div class="info_symbol"></div>            </div>        </div>                    </article>            </li>                    <li class="article" itemprop="itemListElement" itemscope="" itemtype="http://schema.org/Product">                    <article class="article_container" id="item_description_116367">            <a class="article_name" title="Ver ficha de CALDO POLL GALLINA BLANCA JAMON GOURMET 1000 ML" href="/CALDO-POLL-GALLINA-BLANCA-JAMON-GOURMET-1000-ML_116367_prd_es_ES.jsp" itemprop="url"><span itemprop="name" id="description_text">CALDO POLL GALLINA BLANCA JAMON GOURMET 1000 ML</span></a>            <!--informacion de gluten y calorias -->        <div class="info_container">                            <span class="calories">8 <span>kcal</span></span>                <a class="info" title="Producto con 8 kilocalorías" href="javascript:void(0);">                    <span class="info_text">Producto con 8 kilocalorías.</span>                </a>                                                            <img class="info_icon" alt="10% Descuento para suscriptores Condisline Prime" src="//static.condisline.com/resize_39x39/images/product_icons/icon_subscription.png" width="39" height="39">                                            <a class="info" title="10% Descuento para suscriptores Condisline Prime" href="javascript:void(0);">                            <span class="info_text">10% Descuento para suscriptores Condisline Prime</span>                        </a>                                                        </div>        <img class="article_image" alt="CALDO POLL GALLINA BLANCA JAMON GOURMET 1000 ML" data-original="//static.condisline.com/resize_190x200/images/catalog/large/116367.jpg" src="//static.condisline.com/resize_190x200/images/catalog/large/116367.jpg" width="190" height="200" style="display: block;">        <meta itemprop="image" content="//static.condisline.com/resize_190x200/images/catalog/large/116367.jpg">        <div class="article_price_container" itemprop="offers" itemscope="" itemtype="http://schema.org/Offer">            <!-- Price -->                                            <span class="article_price" itemprop="price"><span id="list_price_116367">2,99</span></span>                <span class="currency">€</span>                <script>                    formatNumber('2.99', 'list_price_116367');                </script>                        <meta itemprop="priceCurrency" content="EUR">            <div class="unit_container">                                    <a class="substract_button" title="Menos" href="javascript:void(0);">-</a>                                <label class="quantity_container">                                                                        <input class="input_quantity_product" id="item_quantity_116367" type="number" data-product="116367" value="" min="1" max="999" required="" autocomplete="off">                                                            </label>                                    <a class="add_button" title="Más" href="javascript:void(0);">+</a>                    <a class="added_tick" title="Cambiar unidades" href="javascript:void(0);"></a>                            </div>                                                <div class="article_pum">                        <span>      2,99€/Litro</span>                    </div>                                                                            <a data-product-id="116367" class="orange_button btn_add2cart" title="Añadir al carrito" onclick="dataLayer.push({event: 'event_gtm',category:'acciones usuario', action:'a�adir producto desde listado'})" href="javascript:addToCartFromItemList('116367')">AÑADIR AL CARRITO &gt;</a>                                        <span class="added_button">En carrito</span>                                    <a class="white_button" title="Añadir a mi lista" href="javascript:addToListFromItemList('116367')" onclick="dataLayer.push({event: 'event_gtm',category:'acciones usuario', action:'a�adir producto a lista'});">Añadir a mi lista</a>                                </div>                    <a class="article_link" title="Ver ficha de CALDO POLL GALLINA BLANCA JAMON GOURMET 1000 ML" href="/CALDO-POLL-GALLINA-BLANCA-JAMON-GOURMET-1000-ML_116367_prd_es_ES.jsp" onclick="javascript:callingTaggingEnpoints('')" itemprop="url"></a>                <div class="hover_container">            <div class="hover">                <div class="info_symbol"></div>            </div>        </div>                    </article>            </li>                    <li class="article" itemprop="itemListElement" itemscope="" itemtype="http://schema.org/Product">                    <article class="article_container" id="item_description_116278">            <a class="article_name" title="Ver ficha de CALDO CONDIS DESHIDRATADO POLLO 12 PASTILLAS" href="/CALDO-CONDIS-DESHIDRATADO-POLLO-12-PASTILLAS_116278_prd_es_ES.jsp" itemprop="url"><span itemprop="name" id="description_text">CALDO CONDIS DESHIDRATADO POLLO 12 PASTILLAS</span></a>            <!--informacion de gluten y calorias -->        <div class="info_container">                            <span class="calories">201 <span>kcal</span></span>                <a class="info" title="Producto con 201 kilocalorías" href="javascript:void(0);">                    <span class="info_text">Producto con 201 kilocalorías.</span>                </a>                                                            <img class="info_icon" alt="10% Descuento para suscriptores Condisline Prime" src="//static.condisline.com/resize_39x39/images/product_icons/icon_subscription.png" width="39" height="39">                                            <a class="info" title="10% Descuento para suscriptores Condisline Prime" href="javascript:void(0);">                            <span class="info_text">10% Descuento para suscriptores Condisline Prime</span>                        </a>                                                        <img class="info_icon" alt="Producto sin gluten" src="//static.condisline.com/resize_39x39/images/product_icons/no_gluten.png" width="39" height="39">                                            <a class="info" title="Producto sin gluten" href="javascript:void(0);">                            <span class="info_text">Producto sin gluten</span>                        </a>                                                        <img class="info_icon" alt="Marca propia" src="//static.condisline.com/resize_39x39/images/product_icons/marca_propia.png" width="39" height="39">                                            <a class="info" title="Marca propia" href="javascript:void(0);">                            <span class="info_text">Marca propia</span>                        </a>                                                        </div>        <img class="article_image" alt="CALDO CONDIS DESHIDRATADO POLLO 12 PASTILLAS" data-original="//static.condisline.com/resize_190x200/images/catalog/large/116278.jpg" src="//static.condisline.com/resize_190x200/images/catalog/large/116278.jpg" width="190" height="200" style="display: block;">        <meta itemprop="image" content="//static.condisline.com/resize_190x200/images/catalog/large/116278.jpg">        <div class="article_price_container" itemprop="offers" itemscope="" itemtype="http://schema.org/Offer">            <!-- Price -->                                            <span class="article_price" itemprop="price"><span id="list_price_116278">0,76</span></span>                <span class="currency">€</span>                <script>                    formatNumber('0.76', 'list_price_116278');                </script>                        <meta itemprop="priceCurrency" content="EUR">            <div class="unit_container">                                    <a class="substract_button" title="Menos" href="javascript:void(0);">-</a>                                <label class="quantity_container">                                                                        <input class="input_quantity_product" id="item_quantity_116278" type="number" data-product="116278" value="" min="1" max="999" required="" autocomplete="off">                                                            </label>                                    <a class="add_button" title="Más" href="javascript:void(0);">+</a>                    <a class="added_tick" title="Cambiar unidades" href="javascript:void(0);"></a>                            </div>                                                <div class="article_pum">                        <span>      6,33€/Kilo</span>                    </div>                                                                            <a data-product-id="116278" class="orange_button btn_add2cart" title="Añadir al carrito" onclick="dataLayer.push({event: 'event_gtm',category:'acciones usuario', action:'a�adir producto desde listado'})" href="javascript:addToCartFromItemList('116278')">AÑADIR AL CARRITO &gt;</a>                                        <span class="added_button">En carrito</span>                                    <a class="white_button" title="Añadir a mi lista" href="javascript:addToListFromItemList('116278')" onclick="dataLayer.push({event: 'event_gtm',category:'acciones usuario', action:'a�adir producto a lista'});">Añadir a mi lista</a>                                </div>                    <a class="article_link" title="Ver ficha de CALDO CONDIS DESHIDRATADO POLLO 12 PASTILLAS" href="/CALDO-CONDIS-DESHIDRATADO-POLLO-12-PASTILLAS_116278_prd_es_ES.jsp" onclick="javascript:callingTaggingEnpoints('')" itemprop="url"></a>                <div class="hover_container">            <div class="hover">                <div class="info_symbol"></div>            </div>        </div>                    </article>            </li>                    <li class="article" itemprop="itemListElement" itemscope="" itemtype="http://schema.org/Product">                    <article class="article_container" id="item_description_116203">            <a class="article_name" title="Ver ficha de CALDO CONDIS PESCADO Y MARISCO 1 L" href="/CALDO-CONDIS-PESCADO-Y-MARISCO-1-L_116203_prd_es_ES.jsp" itemprop="url"><span itemprop="name" id="description_text">CALDO CONDIS PESCADO Y MARISCO 1 L</span></a>            <!--informacion de gluten y calorias -->        <div class="info_container">                            <span class="calories">4 <span>kcal</span></span>                <a class="info" title="Producto con 4 kilocalorías" href="javascript:void(0);">                    <span class="info_text">Producto con 4 kilocalorías.</span>                </a>                                                            <img class="info_icon" alt="10% Descuento para suscriptores Condisline Prime" src="//static.condisline.com/resize_39x39/images/product_icons/icon_subscription.png" width="39" height="39">                                            <a class="info" title="10% Descuento para suscriptores Condisline Prime" href="javascript:void(0);">                            <span class="info_text">10% Descuento para suscriptores Condisline Prime</span>                        </a>                                                        <img class="info_icon" alt="Producto sin gluten" src="//static.condisline.com/resize_39x39/images/product_icons/no_gluten.png" width="39" height="39">                                            <a class="info" title="Producto sin gluten" href="javascript:void(0);">                            <span class="info_text">Producto sin gluten</span>                        </a>                                                        <img class="info_icon" alt="Marca propia" src="//static.condisline.com/resize_39x39/images/product_icons/marca_propia.png" width="39" height="39">                                            <a class="info" title="Marca propia" href="javascript:void(0);">                            <span class="info_text">Marca propia</span>                        </a>                                                        </div>        <img class="article_image" alt="CALDO CONDIS PESCADO Y MARISCO 1 L" data-original="//static.condisline.com/resize_190x200/images/catalog/large/116203.jpg" src="//static.condisline.com/resize_190x200/images/catalog/large/116203.jpg" width="190" height="200" style="display: block;">        <meta itemprop="image" content="//static.condisline.com/resize_190x200/images/catalog/large/116203.jpg">        <div class="article_price_container" itemprop="offers" itemscope="" itemtype="http://schema.org/Offer">            <!-- Price -->                                            <span class="article_price" itemprop="price"><span id="list_price_116203">1,05</span></span>                <span class="currency">€</span>                <script>                    formatNumber('1.05', 'list_price_116203');                </script>                        <meta itemprop="priceCurrency" content="EUR">            <div class="unit_container">                                    <a class="substract_button" title="Menos" href="javascript:void(0);">-</a>                                <label class="quantity_container">                                                                        <input class="input_quantity_product" id="item_quantity_116203" type="number" data-product="116203" value="" min="1" max="999" required="" autocomplete="off">                                                            </label>                                    <a class="add_button" title="Más" href="javascript:void(0);">+</a>                    <a class="added_tick" title="Cambiar unidades" href="javascript:void(0);"></a>                            </div>                                                <div class="article_pum">                        <span>      1,05€/Litro</span>                    </div>                                                                            <a data-product-id="116203" class="orange_button btn_add2cart" title="Añadir al carrito" onclick="dataLayer.push({event: 'event_gtm',category:'acciones usuario', action:'a�adir producto desde listado'})" href="javascript:addToCartFromItemList('116203')">AÑADIR AL CARRITO &gt;</a>                                        <span class="added_button">En carrito</span>                                    <a class="white_button" title="Añadir a mi lista" href="javascript:addToListFromItemList('116203')" onclick="dataLayer.push({event: 'event_gtm',category:'acciones usuario', action:'a�adir producto a lista'});">Añadir a mi lista</a>                                </div>                    <a class="article_link" title="Ver ficha de CALDO CONDIS PESCADO Y MARISCO 1 L" href="/CALDO-CONDIS-PESCADO-Y-MARISCO-1-L_116203_prd_es_ES.jsp" onclick="javascript:callingTaggingEnpoints('')" itemprop="url"></a>                <div class="hover_container">            <div class="hover">                <div class="info_symbol"></div>            </div>        </div>                    </article>            </li>                    <li class="article" itemprop="itemListElement" itemscope="" itemtype="http://schema.org/Product">                    <article class="article_container" id="item_description_122008">            <a class="article_name" title="Ver ficha de PURÉ PATATA MOUSLINE CON LECHE  230 G" href="/PURE-PATATA-MOUSLINE-CON-LECHE-230-G_122008_prd_es_ES.jsp" itemprop="url"><span itemprop="name" id="description_text">PURÉ PATATA MOUSLINE CON LECHE  230 G</span></a>            <!--informacion de gluten y calorias -->        <div class="info_container">                                                            <img class="info_icon" alt="10% Descuento para suscriptores Condisline Prime" src="//static.condisline.com/resize_39x39/images/product_icons/icon_subscription.png" width="39" height="39">                                            <a class="info" title="10% Descuento para suscriptores Condisline Prime" href="javascript:void(0);">                            <span class="info_text">10% Descuento para suscriptores Condisline Prime</span>                        </a>                                                        <img class="info_icon" alt="Producto sin gluten" src="//static.condisline.com/resize_39x39/images/product_icons/no_gluten.png" width="39" height="39">                                            <a class="info" title="Producto sin gluten" href="javascript:void(0);">                            <span class="info_text">Producto sin gluten</span>                        </a>                                                        </div>        <img class="article_image" alt="PURÉ PATATA MOUSLINE CON LECHE  230 G" data-original="//static.condisline.com/resize_190x200/images/catalog/large/122008.jpg" src="//static.condisline.com/resize_190x200/images/catalog/large/122008.jpg" width="190" height="200" style="display: block;">        <meta itemprop="image" content="//static.condisline.com/resize_190x200/images/catalog/large/122008.jpg">        <div class="article_price_container" itemprop="offers" itemscope="" itemtype="http://schema.org/Offer">            <!-- Price -->                                            <span class="article_price" itemprop="price"><span id="list_price_122008">2,65</span></span>                <span class="currency">€</span>                <script>                    formatNumber('2.65', 'list_price_122008');                </script>                        <meta itemprop="priceCurrency" content="EUR">            <div class="unit_container">                                    <a class="substract_button" title="Menos" href="javascript:void(0);">-</a>                                <label class="quantity_container">                                                                        <input class="input_quantity_product" id="item_quantity_122008" type="number" data-product="122008" value="" min="1" max="999" required="" autocomplete="off">                                                            </label>                                    <a class="add_button" title="Más" href="javascript:void(0);">+</a>                    <a class="added_tick" title="Cambiar unidades" href="javascript:void(0);"></a>                            </div>                                                <div class="article_pum">                        <span>     11,52€/Kilo</span>                    </div>                                                                            <a data-product-id="122008" class="orange_button btn_add2cart" title="Añadir al carrito" onclick="dataLayer.push({event: 'event_gtm',category:'acciones usuario', action:'a�adir producto desde listado'})" href="javascript:addToCartFromItemList('122008')">AÑADIR AL CARRITO &gt;</a>                                        <span class="added_button">En carrito</span>                                    <a class="white_button" title="Añadir a mi lista" href="javascript:addToListFromItemList('122008')" onclick="dataLayer.push({event: 'event_gtm',category:'acciones usuario', action:'a�adir producto a lista'});">Añadir a mi lista</a>                                </div>                    <a class="article_link" title="Ver ficha de PURÉ PATATA MOUSLINE CON LECHE  230 G" href="/PURE-PATATA-MOUSLINE-CON-LECHE-230-G_122008_prd_es_ES.jsp" onclick="javascript:callingTaggingEnpoints('')" itemprop="url"></a>                <div class="hover_container">            <div class="hover">                <div class="info_symbol"></div>            </div>        </div>                    </article>            </li>                    <li class="article" itemprop="itemListElement" itemscope="" itemtype="http://schema.org/Product">                    <article class="article_container" id="item_description_116088">            <a class="article_name" title="Ver ficha de CALDO ANETO DE PESCADO 100% NATURAL 1 L" href="/CALDO-ANETO-DE-PESCADO-100-NATURAL-1-L_116088_prd_es_ES.jsp" itemprop="url"><span itemprop="name" id="description_text">CALDO ANETO DE PESCADO 100% NATURAL 1 L</span></a>            <!--informacion de gluten y calorias -->        <div class="info_container">                            <span class="calories">8 <span>kcal</span></span>                <a class="info" title="Producto con 8 kilocalorías" href="javascript:void(0);">                    <span class="info_text">Producto con 8 kilocalorías.</span>                </a>                                                            <img class="info_icon" alt="10% Descuento para suscriptores Condisline Prime" src="//static.condisline.com/resize_39x39/images/product_icons/icon_subscription.png" width="39" height="39">                                            <a class="info" title="10% Descuento para suscriptores Condisline Prime" href="javascript:void(0);">                            <span class="info_text">10% Descuento para suscriptores Condisline Prime</span>                        </a>                                                        <img class="info_icon" alt="Producto sin gluten" src="//static.condisline.com/resize_39x39/images/product_icons/no_gluten.png" width="39" height="39">                                            <a class="info" title="Producto sin gluten" href="javascript:void(0);">                            <span class="info_text">Producto sin gluten</span>                        </a>                                                        <img class="info_icon" alt="Producto sin lactosa" src="//static.condisline.com/resize_39x39/images/product_icons/no_lactosa.png" width="39" height="39">                                            <a class="info" title="Producto sin lactosa" href="javascript:void(0);">                            <span class="info_text">Producto sin lactosa</span>                        </a>                                                        </div>        <img class="article_image" alt="CALDO ANETO DE PESCADO 100% NATURAL 1 L" data-original="//static.condisline.com/resize_190x200/images/catalog/large/116088.jpg" src="//static.condisline.com/resize_190x200/images/catalog/large/116088.jpg" width="190" height="200" style="display: block;">        <meta itemprop="image" content="//static.condisline.com/resize_190x200/images/catalog/large/116088.jpg">        <div class="article_price_container" itemprop="offers" itemscope="" itemtype="http://schema.org/Offer">            <!-- Price -->                                            <span class="article_price" itemprop="price"><span id="list_price_116088">4,50</span></span>                <span class="currency">€</span>                <script>                    formatNumber('4.5', 'list_price_116088');                </script>                        <meta itemprop="priceCurrency" content="EUR">            <div class="unit_container">                                    <a class="substract_button" title="Menos" href="javascript:void(0);">-</a>                                <label class="quantity_container">                                                                        <input class="input_quantity_product" id="item_quantity_116088" type="number" data-product="116088" value="" min="1" max="999" required="" autocomplete="off">                                                            </label>                                    <a class="add_button" title="Más" href="javascript:void(0);">+</a>                    <a class="added_tick" title="Cambiar unidades" href="javascript:void(0);"></a>                            </div>                                                <div class="article_pum">                        <span>      4,50€/Litro</span>                    </div>                                                                            <a data-product-id="116088" class="orange_button btn_add2cart" title="Añadir al carrito" onclick="dataLayer.push({event: 'event_gtm',category:'acciones usuario', action:'a�adir producto desde listado'})" href="javascript:addToCartFromItemList('116088')">AÑADIR AL CARRITO &gt;</a>                                        <span class="added_button">En carrito</span>                                    <a class="white_button" title="Añadir a mi lista" href="javascript:addToListFromItemList('116088')" onclick="dataLayer.push({event: 'event_gtm',category:'acciones usuario', action:'a�adir producto a lista'});">Añadir a mi lista</a>                                </div>                    <a class="article_link" title="Ver ficha de CALDO ANETO DE PESCADO 100% NATURAL 1 L" href="/CALDO-ANETO-DE-PESCADO-100-NATURAL-1-L_116088_prd_es_ES.jsp" onclick="javascript:callingTaggingEnpoints('')" itemprop="url"></a>                <div class="hover_container">            <div class="hover">                <div class="info_symbol"></div>            </div>        </div>                    </article>            </li>                    <li class="article" itemprop="itemListElement" itemscope="" itemtype="http://schema.org/Product">                    <article class="article_container" id="item_description_110467">            <a class="article_name" title="Ver ficha de CREMA ECO CONDIS CALABAZA 500 ML" href="/CREMA-ECO-CONDIS-CALABAZA-500-ML_110467_prd_es_ES.jsp" itemprop="url"><span itemprop="name" id="description_text">CREMA ECO CONDIS CALABAZA 500 ML</span></a>            <!--informacion de gluten y calorias -->        <div class="info_container">                            <span class="calories">34 <span>kcal</span></span>                <a class="info" title="Producto con 34 kilocalorías" href="javascript:void(0);">                    <span class="info_text">Producto con 34 kilocalorías.</span>                </a>                                                            <img class="info_icon" alt="10% Descuento para suscriptores Condisline Prime" src="//static.condisline.com/resize_39x39/images/product_icons/icon_subscription.png" width="39" height="39">                                            <a class="info" title="10% Descuento para suscriptores Condisline Prime" href="javascript:void(0);">                            <span class="info_text">10% Descuento para suscriptores Condisline Prime</span>                        </a>                                                        <img class="info_icon" alt="Producto sin gluten" src="//static.condisline.com/resize_39x39/images/product_icons/no_gluten.png" width="39" height="39">                                            <a class="info" title="Producto sin gluten" href="javascript:void(0);">                            <span class="info_text">Producto sin gluten</span>                        </a>                                                        <img class="info_icon" alt="Producto ecológico" src="//static.condisline.com/resize_39x39/images/product_icons/icon_eco.jpg" width="39" height="39">                                            <a class="info" title="Producto ecológico" href="javascript:void(0);">                            <span class="info_text">Producto ecológico</span>                        </a>                                                        <img class="info_icon" alt="Marca propia" src="//static.condisline.com/resize_39x39/images/product_icons/marca_propia.png" width="39" height="39">                                            <a class="info" title="Marca propia" href="javascript:void(0);">                            <span class="info_text">Marca propia</span>                        </a>                                                        </div>        <img class="article_image" alt="CREMA ECO CONDIS CALABAZA 500 ML" data-original="//static.condisline.com/resize_190x200/images/catalog/large/110467.jpg" src="//static.condisline.com/resize_190x200/images/catalog/large/110467.jpg" width="190" height="200" style="display: block;">        <meta itemprop="image" content="//static.condisline.com/resize_190x200/images/catalog/large/110467.jpg">        <div class="article_price_container" itemprop="offers" itemscope="" itemtype="http://schema.org/Offer">            <!-- Price -->                                            <span class="article_price" itemprop="price"><span id="list_price_110467">3,55</span></span>                <span class="currency">€</span>                <script>                    formatNumber('3.55', 'list_price_110467');                </script>                        <meta itemprop="priceCurrency" content="EUR">            <div class="unit_container">                                    <a class="substract_button" title="Menos" href="javascript:void(0);">-</a>                                <label class="quantity_container">                                                                        <input class="input_quantity_product" id="item_quantity_110467" type="number" data-product="110467" value="" min="1" max="999" required="" autocomplete="off">                                                            </label>                                    <a class="add_button" title="Más" href="javascript:void(0);">+</a>                    <a class="added_tick" title="Cambiar unidades" href="javascript:void(0);"></a>                            </div>                                                <div class="article_pum">                        <span>      7,10€/Litro</span>                    </div>                                                                            <a data-product-id="110467" class="orange_button btn_add2cart" title="Añadir al carrito" onclick="dataLayer.push({event: 'event_gtm',category:'acciones usuario', action:'a�adir producto desde listado'})" href="javascript:addToCartFromItemList('110467')">AÑADIR AL CARRITO &gt;</a>                                        <span class="added_button">En carrito</span>                                    <a class="white_button" title="Añadir a mi lista" href="javascript:addToListFromItemList('110467')" onclick="dataLayer.push({event: 'event_gtm',category:'acciones usuario', action:'a�adir producto a lista'});">Añadir a mi lista</a>                                </div>                    <a class="article_link" title="Ver ficha de CREMA ECO CONDIS CALABAZA 500 ML" href="/CREMA-ECO-CONDIS-CALABAZA-500-ML_110467_prd_es_ES.jsp" onclick="javascript:callingTaggingEnpoints('')" itemprop="url"></a>                <div class="hover_container">            <div class="hover">                <div class="info_symbol"></div>            </div>        </div>                    </article>            </li>                    <li class="article" itemprop="itemListElement" itemscope="" itemtype="http://schema.org/Product">                    <article class="article_container" id="item_description_116284">            <a class="article_name" title="Ver ficha de CREMA GALLINA BLANCA CASERA VERDURAS 500 ML" href="/CREMA-GALLINA-BLANCA-CASERA-VERDURAS-500-ML_116284_prd_es_ES.jsp" itemprop="url"><span itemprop="name" id="description_text">CREMA GALLINA BLANCA CASERA VERDURAS 500 ML</span></a>            <!--informacion de gluten y calorias -->        <div class="info_container">                            <span class="calories">46 <span>kcal</span></span>                <a class="info" title="Producto con 46 kilocalorías" href="javascript:void(0);">                    <span class="info_text">Producto con 46 kilocalorías.</span>                </a>                                                            <img class="info_icon" alt="10% Descuento para suscriptores Condisline Prime" src="//static.condisline.com/resize_39x39/images/product_icons/icon_subscription.png" width="39" height="39">                                            <a class="info" title="10% Descuento para suscriptores Condisline Prime" href="javascript:void(0);">                            <span class="info_text">10% Descuento para suscriptores Condisline Prime</span>                        </a>                                                        </div>        <img class="article_image" alt="CREMA GALLINA BLANCA CASERA VERDURAS 500 ML" data-original="//static.condisline.com/resize_190x200/images/catalog/large/116284.jpg" src="//static.condisline.com/resize_190x200/images/catalog/large/116284.jpg" width="190" height="200" style="display: block;">        <meta itemprop="image" content="//static.condisline.com/resize_190x200/images/catalog/large/116284.jpg">        <div class="article_price_container" itemprop="offers" itemscope="" itemtype="http://schema.org/Offer">            <!-- Price -->                                            <span class="article_price" itemprop="price"><span id="list_price_116284">1,99</span></span>                <span class="currency">€</span>                <script>                    formatNumber('1.99', 'list_price_116284');                </script>                        <meta itemprop="priceCurrency" content="EUR">            <div class="unit_container">                                    <a class="substract_button" title="Menos" href="javascript:void(0);">-</a>                                <label class="quantity_container">                                                                        <input class="input_quantity_product" id="item_quantity_116284" type="number" data-product="116284" value="" min="1" max="999" required="" autocomplete="off">                                                            </label>                                    <a class="add_button" title="Más" href="javascript:void(0);">+</a>                    <a class="added_tick" title="Cambiar unidades" href="javascript:void(0);"></a>                            </div>                                                <div class="article_pum">                        <span>      3,98€/Litro</span>                    </div>                                                                            <a data-product-id="116284" class="orange_button btn_add2cart" title="Añadir al carrito" onclick="dataLayer.push({event: 'event_gtm',category:'acciones usuario', action:'a�adir producto desde listado'})" href="javascript:addToCartFromItemList('116284')">AÑADIR AL CARRITO &gt;</a>                                        <span class="added_button">En carrito</span>                                    <a class="white_button" title="Añadir a mi lista" href="javascript:addToListFromItemList('116284')" onclick="dataLayer.push({event: 'event_gtm',category:'acciones usuario', action:'a�adir producto a lista'});">Añadir a mi lista</a>                                </div>                    <a class="article_link" title="Ver ficha de CREMA GALLINA BLANCA CASERA VERDURAS 500 ML" href="/CREMA-GALLINA-BLANCA-CASERA-VERDURAS-500-ML_116284_prd_es_ES.jsp" onclick="javascript:callingTaggingEnpoints('')" itemprop="url"></a>                <div class="hover_container">            <div class="hover">                <div class="info_symbol"></div>            </div>        </div>                    </article>            </li>                    <li class="article" itemprop="itemListElement" itemscope="" itemtype="http://schema.org/Product">                    <article class="article_container" id="item_description_122485">            <a class="article_name" title="Ver ficha de PURÉ DE PATATAS MOUSLINE ORIGINAL 230 G" href="/PURE-DE-PATATAS-MOUSLINE-ORIGINAL-230-G_122485_prd_es_ES.jsp" itemprop="url"><span itemprop="name" id="description_text">PURÉ DE PATATAS MOUSLINE ORIGINAL 230 G</span></a>            <!--informacion de gluten y calorias -->        <div class="info_container">                                                            <img class="info_icon" alt="10% Descuento para suscriptores Condisline Prime" src="//static.condisline.com/resize_39x39/images/product_icons/icon_subscription.png" width="39" height="39">                                            <a class="info" title="10% Descuento para suscriptores Condisline Prime" href="javascript:void(0);">                            <span class="info_text">10% Descuento para suscriptores Condisline Prime</span>                        </a>                                                        <img class="info_icon" alt="Producto sin gluten" src="//static.condisline.com/resize_39x39/images/product_icons/no_gluten.png" width="39" height="39">                                            <a class="info" title="Producto sin gluten" href="javascript:void(0);">                            <span class="info_text">Producto sin gluten</span>                        </a>                                                        </div>        <img class="article_image" alt="PURÉ DE PATATAS MOUSLINE ORIGINAL 230 G" data-original="//static.condisline.com/resize_190x200/images/catalog/large/122485.jpg" src="//static.condisline.com/resize_190x200/images/catalog/large/122485.jpg" width="190" height="200" style="display: block;">        <meta itemprop="image" content="//static.condisline.com/resize_190x200/images/catalog/large/122485.jpg">        <div class="article_price_container" itemprop="offers" itemscope="" itemtype="http://schema.org/Offer">            <!-- Price -->                                            <span class="article_price" itemprop="price"><span id="list_price_122485">2,45</span></span>                <span class="currency">€</span>                <script>                    formatNumber('2.45', 'list_price_122485');                </script>                        <meta itemprop="priceCurrency" content="EUR">            <div class="unit_container">                                    <a class="substract_button" title="Menos" href="javascript:void(0);">-</a>                                <label class="quantity_container">                                                                        <input class="input_quantity_product" id="item_quantity_122485" type="number" data-product="122485" value="" min="1" max="999" required="" autocomplete="off">                                                            </label>                                    <a class="add_button" title="Más" href="javascript:void(0);">+</a>                    <a class="added_tick" title="Cambiar unidades" href="javascript:void(0);"></a>                            </div>                                                <div class="article_pum">                        <span>     10,65€/Kilo</span>                    </div>                                                                            <a data-product-id="122485" class="orange_button btn_add2cart" title="Añadir al carrito" onclick="dataLayer.push({event: 'event_gtm',category:'acciones usuario', action:'a�adir producto desde listado'})" href="javascript:addToCartFromItemList('122485')">AÑADIR AL CARRITO &gt;</a>                                        <span class="added_button">En carrito</span>                                    <a class="white_button" title="Añadir a mi lista" href="javascript:addToListFromItemList('122485')" onclick="dataLayer.push({event: 'event_gtm',category:'acciones usuario', action:'a�adir producto a lista'});">Añadir a mi lista</a>                                </div>                    <a class="article_link" title="Ver ficha de PURÉ DE PATATAS MOUSLINE ORIGINAL 230 G" href="/PURE-DE-PATATAS-MOUSLINE-ORIGINAL-230-G_122485_prd_es_ES.jsp" onclick="javascript:callingTaggingEnpoints('')" itemprop="url"></a>                <div class="hover_container">            <div class="hover">                <div class="info_symbol"></div>            </div>        </div>                    </article>            </li>                    <li class="article" itemprop="itemListElement" itemscope="" itemtype="http://schema.org/Product">                    <article class="article_container" id="item_description_116371">            <a class="article_name" title="Ver ficha de CALDO CONDIS PESCADO 1 L" href="/CALDO-CONDIS-PESCADO-1-L_116371_prd_es_ES.jsp" itemprop="url"><span itemprop="name" id="description_text">CALDO CONDIS PESCADO 1 L</span></a>            <!--informacion de gluten y calorias -->        <div class="info_container">                            <span class="calories">4 <span>kcal</span></span>                <a class="info" title="Producto con 4 kilocalorías" href="javascript:void(0);">                    <span class="info_text">Producto con 4 kilocalorías.</span>                </a>                                                            <img class="info_icon" alt="10% Descuento para suscriptores Condisline Prime" src="//static.condisline.com/resize_39x39/images/product_icons/icon_subscription.png" width="39" height="39">                                            <a class="info" title="10% Descuento para suscriptores Condisline Prime" href="javascript:void(0);">                            <span class="info_text">10% Descuento para suscriptores Condisline Prime</span>                        </a>                                                        <img class="info_icon" alt="Producto sin gluten" src="//static.condisline.com/resize_39x39/images/product_icons/no_gluten.png" width="39" height="39">                                            <a class="info" title="Producto sin gluten" href="javascript:void(0);">                            <span class="info_text">Producto sin gluten</span>                        </a>                                                        <img class="info_icon" alt="Marca propia" src="//static.condisline.com/resize_39x39/images/product_icons/marca_propia.png" width="39" height="39">                                            <a class="info" title="Marca propia" href="javascript:void(0);">                            <span class="info_text">Marca propia</span>                        </a>                                                        </div>        <img class="article_image" alt="CALDO CONDIS PESCADO 1 L" data-original="//static.condisline.com/resize_190x200/images/catalog/large/116371.jpg" src="//static.condisline.com/resize_190x200/images/catalog/large/116371.jpg" width="190" height="200" style="display: block;">        <meta itemprop="image" content="//static.condisline.com/resize_190x200/images/catalog/large/116371.jpg">        <div class="article_price_container" itemprop="offers" itemscope="" itemtype="http://schema.org/Offer">            <!-- Price -->                                            <span class="article_price" itemprop="price"><span id="list_price_116371">1,39</span></span>                <span class="currency">€</span>                <script>                    formatNumber('1.39', 'list_price_116371');                </script>                        <meta itemprop="priceCurrency" content="EUR">            <div class="unit_container">                                    <a class="substract_button" title="Menos" href="javascript:void(0);">-</a>                                <label class="quantity_container">                                                                        <input class="input_quantity_product" id="item_quantity_116371" type="number" data-product="116371" value="" min="1" max="999" required="" autocomplete="off">                                                            </label>                                    <a class="add_button" title="Más" href="javascript:void(0);">+</a>                    <a class="added_tick" title="Cambiar unidades" href="javascript:void(0);"></a>                            </div>                                                <div class="article_pum">                        <span>      1,39€/Litro</span>                    </div>                                                                            <a data-product-id="116371" class="orange_button btn_add2cart" title="Añadir al carrito" onclick="dataLayer.push({event: 'event_gtm',category:'acciones usuario', action:'a�adir producto desde listado'})" href="javascript:addToCartFromItemList('116371')">AÑADIR AL CARRITO &gt;</a>                                        <span class="added_button">En carrito</span>                                    <a class="white_button" title="Añadir a mi lista" href="javascript:addToListFromItemList('116371')" onclick="dataLayer.push({event: 'event_gtm',category:'acciones usuario', action:'a�adir producto a lista'});">Añadir a mi lista</a>                                </div>                    <a class="article_link" title="Ver ficha de CALDO CONDIS PESCADO 1 L" href="/CALDO-CONDIS-PESCADO-1-L_116371_prd_es_ES.jsp" onclick="javascript:callingTaggingEnpoints('')" itemprop="url"></a>                <div class="hover_container">            <div class="hover">                <div class="info_symbol"></div>            </div>        </div>                    </article>            </li>                    <li class="article" itemprop="itemListElement" itemscope="" itemtype="http://schema.org/Product">                    <article class="article_container" id="item_description_116324">            <a class="article_name" title="Ver ficha de CREMA KNORR DE CALABACÍN 500 ML" href="/CREMA-KNORR-DE-CALABACIN-500-ML_116324_prd_es_ES.jsp" itemprop="url"><span itemprop="name" id="description_text">CREMA KNORR DE CALABACÍN 500 ML</span></a>            <!--informacion de gluten y calorias -->        <div class="info_container">                            <span class="calories">45 <span>kcal</span></span>                <a class="info" title="Producto con 45 kilocalorías" href="javascript:void(0);">                    <span class="info_text">Producto con 45 kilocalorías.</span>                </a>                                                            <img class="info_icon" alt="10% Descuento para suscriptores Condisline Prime" src="//static.condisline.com/resize_39x39/images/product_icons/icon_subscription.png" width="39" height="39">                                            <a class="info" title="10% Descuento para suscriptores Condisline Prime" href="javascript:void(0);">                            <span class="info_text">10% Descuento para suscriptores Condisline Prime</span>                        </a>                                                        </div>        <img class="article_image" alt="CREMA KNORR DE CALABACÍN 500 ML" data-original="//static.condisline.com/resize_190x200/images/catalog/large/116324.jpg" src="//static.condisline.com/resize_190x200/images/catalog/large/116324.jpg" width="190" height="200" style="display: block;">        <meta itemprop="image" content="//static.condisline.com/resize_190x200/images/catalog/large/116324.jpg">        <div class="article_price_container" itemprop="offers" itemscope="" itemtype="http://schema.org/Offer">            <!-- Price -->                                            <span class="article_price" itemprop="price"><span id="list_price_116324">2,29</span></span>                <span class="currency">€</span>                <script>                    formatNumber('2.29', 'list_price_116324');                </script>                        <meta itemprop="priceCurrency" content="EUR">            <div class="unit_container">                                    <a class="substract_button" title="Menos" href="javascript:void(0);">-</a>                                <label class="quantity_container">                                                                        <input class="input_quantity_product" id="item_quantity_116324" type="number" data-product="116324" value="" min="1" max="999" required="" autocomplete="off">                                                            </label>                                    <a class="add_button" title="Más" href="javascript:void(0);">+</a>                    <a class="added_tick" title="Cambiar unidades" href="javascript:void(0);"></a>                            </div>                                                <div class="article_pum">                        <span>      4,58€/Litro</span>                    </div>                                                                            <a data-product-id="116324" class="orange_button btn_add2cart" title="Añadir al carrito" onclick="dataLayer.push({event: 'event_gtm',category:'acciones usuario', action:'a�adir producto desde listado'})" href="javascript:addToCartFromItemList('116324')">AÑADIR AL CARRITO &gt;</a>                                        <span class="added_button">En carrito</span>                                    <a class="white_button" title="Añadir a mi lista" href="javascript:addToListFromItemList('116324')" onclick="dataLayer.push({event: 'event_gtm',category:'acciones usuario', action:'a�adir producto a lista'});">Añadir a mi lista</a>                                </div>                    <a class="article_link" title="Ver ficha de CREMA KNORR DE CALABACÍN 500 ML" href="/CREMA-KNORR-DE-CALABACIN-500-ML_116324_prd_es_ES.jsp" onclick="javascript:callingTaggingEnpoints('')" itemprop="url"></a>                <div class="hover_container">            <div class="hover">                <div class="info_symbol"></div>            </div>        </div>                    </article>            </li>                    <li class="article" itemprop="itemListElement" itemscope="" itemtype="http://schema.org/Product">                    <article class="article_container" id="item_description_116285">            <a class="article_name" title="Ver ficha de CREMA GALLINA BLANCA CASERA CALABAZA 500 ML" href="/CREMA-GALLINA-BLANCA-CASERA-CALABAZA-500-ML_116285_prd_es_ES.jsp" itemprop="url"><span itemprop="name" id="description_text">CREMA GALLINA BLANCA CASERA CALABAZA 500 ML</span></a>            <!--informacion de gluten y calorias -->        <div class="info_container">                            <span class="calories">46 <span>kcal</span></span>                <a class="info" title="Producto con 46 kilocalorías" href="javascript:void(0);">                    <span class="info_text">Producto con 46 kilocalorías.</span>                </a>                                                            <img class="info_icon" alt="10% Descuento para suscriptores Condisline Prime" src="//static.condisline.com/resize_39x39/images/product_icons/icon_subscription.png" width="39" height="39">                                            <a class="info" title="10% Descuento para suscriptores Condisline Prime" href="javascript:void(0);">                            <span class="info_text">10% Descuento para suscriptores Condisline Prime</span>                        </a>                                                        </div>        <img class="article_image" alt="CREMA GALLINA BLANCA CASERA CALABAZA 500 ML" data-original="//static.condisline.com/resize_190x200/images/catalog/large/116285.jpg" src="//static.condisline.com/resize_190x200/images/catalog/large/116285.jpg" width="190" height="200" style="display: block;">        <meta itemprop="image" content="//static.condisline.com/resize_190x200/images/catalog/large/116285.jpg">        <div class="article_price_container" itemprop="offers" itemscope="" itemtype="http://schema.org/Offer">            <!-- Price -->                                            <span class="article_price" itemprop="price"><span id="list_price_116285">1,99</span></span>                <span class="currency">€</span>                <script>                    formatNumber('1.99', 'list_price_116285');                </script>                        <meta itemprop="priceCurrency" content="EUR">            <div class="unit_container">                                    <a class="substract_button" title="Menos" href="javascript:void(0);">-</a>                                <label class="quantity_container">                                                                        <input class="input_quantity_product" id="item_quantity_116285" type="number" data-product="116285" value="" min="1" max="999" required="" autocomplete="off">                                                            </label>                                    <a class="add_button" title="Más" href="javascript:void(0);">+</a>                    <a class="added_tick" title="Cambiar unidades" href="javascript:void(0);"></a>                            </div>                                                <div class="article_pum">                        <span>      3,98€/Litro</span>                    </div>                                                                            <a data-product-id="116285" class="orange_button btn_add2cart" title="Añadir al carrito" onclick="dataLayer.push({event: 'event_gtm',category:'acciones usuario', action:'a�adir producto desde listado'})" href="javascript:addToCartFromItemList('116285')">AÑADIR AL CARRITO &gt;</a>                                        <span class="added_button">En carrito</span>                                    <a class="white_button" title="Añadir a mi lista" href="javascript:addToListFromItemList('116285')" onclick="dataLayer.push({event: 'event_gtm',category:'acciones usuario', action:'a�adir producto a lista'});">Añadir a mi lista</a>                                </div>                    <a class="article_link" title="Ver ficha de CREMA GALLINA BLANCA CASERA CALABAZA 500 ML" href="/CREMA-GALLINA-BLANCA-CASERA-CALABAZA-500-ML_116285_prd_es_ES.jsp" onclick="javascript:callingTaggingEnpoints('')" itemprop="url"></a>                <div class="hover_container">            <div class="hover">                <div class="info_symbol"></div>            </div>        </div>                    </article>            </li>                    <li class="article" itemprop="itemListElement" itemscope="" itemtype="http://schema.org/Product">                    <article class="article_container" id="item_description_116250">            <a class="article_name" title="Ver ficha de CALDO ANETO PUCHERO 1 L" href="/CALDO-ANETO-PUCHERO-1-L_116250_prd_es_ES.jsp" itemprop="url"><span itemprop="name" id="description_text">CALDO ANETO PUCHERO 1 L</span></a>            <!--informacion de gluten y calorias -->        <div class="info_container">                            <span class="calories">23 <span>kcal</span></span>                <a class="info" title="Producto con 23 kilocalorías" href="javascript:void(0);">                    <span class="info_text">Producto con 23 kilocalorías.</span>                </a>                                                            <img class="info_icon" alt="10% Descuento para suscriptores Condisline Prime" src="//static.condisline.com/resize_39x39/images/product_icons/icon_subscription.png" width="39" height="39">                                            <a class="info" title="10% Descuento para suscriptores Condisline Prime" href="javascript:void(0);">                            <span class="info_text">10% Descuento para suscriptores Condisline Prime</span>                        </a>                                                        <img class="info_icon" alt="Producto sin gluten" src="//static.condisline.com/resize_39x39/images/product_icons/no_gluten.png" width="39" height="39">                                            <a class="info" title="Producto sin gluten" href="javascript:void(0);">                            <span class="info_text">Producto sin gluten</span>                        </a>                                                        <img class="info_icon" alt="Producto sin lactosa" src="//static.condisline.com/resize_39x39/images/product_icons/no_lactosa.png" width="39" height="39">                                            <a class="info" title="Producto sin lactosa" href="javascript:void(0);">                            <span class="info_text">Producto sin lactosa</span>                        </a>                                                        </div>        <img class="article_image" alt="CALDO ANETO PUCHERO 1 L" data-original="//static.condisline.com/resize_190x200/images/catalog/large/116250.jpg" src="//static.condisline.com/resize_190x200/images/catalog/large/116250.jpg" width="190" height="200" style="display: block;">        <meta itemprop="image" content="//static.condisline.com/resize_190x200/images/catalog/large/116250.jpg">        <div class="article_price_container" itemprop="offers" itemscope="" itemtype="http://schema.org/Offer">            <!-- Price -->                                            <span class="article_price" itemprop="price"><span id="list_price_116250">4,50</span></span>                <span class="currency">€</span>                <script>                    formatNumber('4.5', 'list_price_116250');                </script>                        <meta itemprop="priceCurrency" content="EUR">            <div class="unit_container">                                    <a class="substract_button" title="Menos" href="javascript:void(0);">-</a>                                <label class="quantity_container">                                                                        <input class="input_quantity_product" id="item_quantity_116250" type="number" data-product="116250" value="" min="1" max="999" required="" autocomplete="off">                                                            </label>                                    <a class="add_button" title="Más" href="javascript:void(0);">+</a>                    <a class="added_tick" title="Cambiar unidades" href="javascript:void(0);"></a>                            </div>                                                <div class="article_pum">                        <span>      4,50€/Litro</span>                    </div>                                                                            <a data-product-id="116250" class="orange_button btn_add2cart" title="Añadir al carrito" onclick="dataLayer.push({event: 'event_gtm',category:'acciones usuario', action:'a�adir producto desde listado'})" href="javascript:addToCartFromItemList('116250')">AÑADIR AL CARRITO &gt;</a>                                        <span class="added_button">En carrito</span>                                    <a class="white_button" title="Añadir a mi lista" href="javascript:addToListFromItemList('116250')" onclick="dataLayer.push({event: 'event_gtm',category:'acciones usuario', action:'a�adir producto a lista'});">Añadir a mi lista</a>                                </div>                    <a class="article_link" title="Ver ficha de CALDO ANETO PUCHERO 1 L" href="/CALDO-ANETO-PUCHERO-1-L_116250_prd_es_ES.jsp" onclick="javascript:callingTaggingEnpoints('')" itemprop="url"></a>                <div class="hover_container">            <div class="hover">                <div class="info_symbol"></div>            </div>        </div>                    </article>            </li>                    <li class="article" itemprop="itemListElement" itemscope="" itemtype="http://schema.org/Product">                    <article class="article_container" id="item_description_116372">            <a class="article_name" title="Ver ficha de CALDO GALLO ESCUDELLA 1 L" href="/CALDO-GALLO-ESCUDELLA-1-L_116372_prd_es_ES.jsp" itemprop="url"><span itemprop="name" id="description_text">CALDO GALLO ESCUDELLA 1 L</span></a>            <!--informacion de gluten y calorias -->        <div class="info_container">                                                            <img class="info_icon" alt="10% Descuento para suscriptores Condisline Prime" src="//static.condisline.com/resize_39x39/images/product_icons/icon_subscription.png" width="39" height="39">                                            <a class="info" title="10% Descuento para suscriptores Condisline Prime" href="javascript:void(0);">                            <span class="info_text">10% Descuento para suscriptores Condisline Prime</span>                        </a>                                                        </div>        <img class="article_image" alt="CALDO GALLO ESCUDELLA 1 L" data-original="//static.condisline.com/resize_190x200/images/catalog/large/116372.jpg" src="//static.condisline.com/resize_190x200/images/catalog/large/116372.jpg" width="190" height="200" style="display: block;">        <meta itemprop="image" content="//static.condisline.com/resize_190x200/images/catalog/large/116372.jpg">        <div class="article_price_container" itemprop="offers" itemscope="" itemtype="http://schema.org/Offer">            <!-- Price -->                                            <span class="article_price" itemprop="price"><span id="list_price_116372">1,99</span></span>                <span class="currency">€</span>                <script>                    formatNumber('1.99', 'list_price_116372');                </script>                        <meta itemprop="priceCurrency" content="EUR">            <div class="unit_container">                                    <a class="substract_button" title="Menos" href="javascript:void(0);">-</a>                                <label class="quantity_container">                                                                        <input class="input_quantity_product" id="item_quantity_116372" type="number" data-product="116372" value="" min="1" max="999" required="" autocomplete="off">                                                            </label>                                    <a class="add_button" title="Más" href="javascript:void(0);">+</a>                    <a class="added_tick" title="Cambiar unidades" href="javascript:void(0);"></a>                            </div>                                                <div class="article_pum">                        <span>      1,99€/Litro</span>                    </div>                                                                            <a data-product-id="116372" class="orange_button btn_add2cart" title="Añadir al carrito" onclick="dataLayer.push({event: 'event_gtm',category:'acciones usuario', action:'a�adir producto desde listado'})" href="javascript:addToCartFromItemList('116372')">AÑADIR AL CARRITO &gt;</a>                                        <span class="added_button">En carrito</span>                                    <a class="white_button" title="Añadir a mi lista" href="javascript:addToListFromItemList('116372')" onclick="dataLayer.push({event: 'event_gtm',category:'acciones usuario', action:'a�adir producto a lista'});">Añadir a mi lista</a>                                </div>                    <a class="article_link" title="Ver ficha de CALDO GALLO ESCUDELLA 1 L" href="/CALDO-GALLO-ESCUDELLA-1-L_116372_prd_es_ES.jsp" onclick="javascript:callingTaggingEnpoints('')" itemprop="url"></a>                <div class="hover_container">            <div class="hover">                <div class="info_symbol"></div>            </div>        </div>                    </article>            </li>                    <li class="article" itemprop="itemListElement" itemscope="" itemtype="http://schema.org/Product">                    <article class="article_container" id="item_description_116368">            <a class="article_name" title="Ver ficha de CALDO CONDIS POLLO 1 L" href="/CALDO-CONDIS-POLLO-1-L_116368_prd_es_ES.jsp" itemprop="url"><span itemprop="name" id="description_text">CALDO CONDIS POLLO 1 L</span></a>            <!--informacion de gluten y calorias -->        <div class="info_container">                            <span class="calories">6 <span>kcal</span></span>                <a class="info" title="Producto con 6 kilocalorías" href="javascript:void(0);">                    <span class="info_text">Producto con 6 kilocalorías.</span>                </a>                                                            <img class="info_icon" alt="10% Descuento para suscriptores Condisline Prime" src="//static.condisline.com/resize_39x39/images/product_icons/icon_subscription.png" width="39" height="39">                                            <a class="info" title="10% Descuento para suscriptores Condisline Prime" href="javascript:void(0);">                            <span class="info_text">10% Descuento para suscriptores Condisline Prime</span>                        </a>                                                        <img class="info_icon" alt="Producto sin gluten" src="//static.condisline.com/resize_39x39/images/product_icons/no_gluten.png" width="39" height="39">                                            <a class="info" title="Producto sin gluten" href="javascript:void(0);">                            <span class="info_text">Producto sin gluten</span>                        </a>                                                        <img class="info_icon" alt="Marca propia" src="//static.condisline.com/resize_39x39/images/product_icons/marca_propia.png" width="39" height="39">                                            <a class="info" title="Marca propia" href="javascript:void(0);">                            <span class="info_text">Marca propia</span>                        </a>                                                        </div>        <img class="article_image" alt="CALDO CONDIS POLLO 1 L" data-original="//static.condisline.com/resize_190x200/images/catalog/large/116368.jpg" src="//static.condisline.com/resize_190x200/images/catalog/large/116368.jpg" width="190" height="200" style="display: block;">        <meta itemprop="image" content="//static.condisline.com/resize_190x200/images/catalog/large/116368.jpg">        <div class="article_price_container" itemprop="offers" itemscope="" itemtype="http://schema.org/Offer">            <!-- Price -->                                            <span class="article_price" itemprop="price"><span id="list_price_116368">1,15</span></span>                <span class="currency">€</span>                <script>                    formatNumber('1.15', 'list_price_116368');                </script>                        <meta itemprop="priceCurrency" content="EUR">            <div class="unit_container">                                    <a class="substract_button" title="Menos" href="javascript:void(0);">-</a>                                <label class="quantity_container">                                                                        <input class="input_quantity_product" id="item_quantity_116368" type="number" data-product="116368" value="" min="1" max="999" required="" autocomplete="off">                                                            </label>                                    <a class="add_button" title="Más" href="javascript:void(0);">+</a>                    <a class="added_tick" title="Cambiar unidades" href="javascript:void(0);"></a>                            </div>                                                <div class="article_pum">                        <span>      1,15€/Litro</span>                    </div>                                                                            <a data-product-id="116368" class="orange_button btn_add2cart" title="Añadir al carrito" onclick="dataLayer.push({event: 'event_gtm',category:'acciones usuario', action:'a�adir producto desde listado'})" href="javascript:addToCartFromItemList('116368')">AÑADIR AL CARRITO &gt;</a>                                        <span class="added_button">En carrito</span>                                    <a class="white_button" title="Añadir a mi lista" href="javascript:addToListFromItemList('116368')" onclick="dataLayer.push({event: 'event_gtm',category:'acciones usuario', action:'a�adir producto a lista'});">Añadir a mi lista</a>                                </div>                    <a class="article_link" title="Ver ficha de CALDO CONDIS POLLO 1 L" href="/CALDO-CONDIS-POLLO-1-L_116368_prd_es_ES.jsp" onclick="javascript:callingTaggingEnpoints('')" itemprop="url"></a>                <div class="hover_container">            <div class="hover">                <div class="info_symbol"></div>            </div>        </div>                    </article>            </li>                    <li class="article" itemprop="itemListElement" itemscope="" itemtype="http://schema.org/Product">                    <article class="article_container" id="item_description_116271">            <a class="article_name" title="Ver ficha de CALDO CONDIS DESHIDRATADO CARNE 12 PASTILLAS" href="/CALDO-CONDIS-DESHIDRATADO-CARNE-12-PASTILLAS_116271_prd_es_ES.jsp" itemprop="url"><span itemprop="name" id="description_text">CALDO CONDIS DESHIDRATADO CARNE 12 PASTILLAS</span></a>            <!--informacion de gluten y calorias -->        <div class="info_container">                            <span class="calories">191 <span>kcal</span></span>                <a class="info" title="Producto con 191 kilocalorías" href="javascript:void(0);">                    <span class="info_text">Producto con 191 kilocalorías.</span>                </a>                                                            <img class="info_icon" alt="10% Descuento para suscriptores Condisline Prime" src="//static.condisline.com/resize_39x39/images/product_icons/icon_subscription.png" width="39" height="39">                                            <a class="info" title="10% Descuento para suscriptores Condisline Prime" href="javascript:void(0);">                            <span class="info_text">10% Descuento para suscriptores Condisline Prime</span>                        </a>                                                        <img class="info_icon" alt="Producto sin gluten" src="//static.condisline.com/resize_39x39/images/product_icons/no_gluten.png" width="39" height="39">                                            <a class="info" title="Producto sin gluten" href="javascript:void(0);">                            <span class="info_text">Producto sin gluten</span>                        </a>                                                        <img class="info_icon" alt="Marca propia" src="//static.condisline.com/resize_39x39/images/product_icons/marca_propia.png" width="39" height="39">                                            <a class="info" title="Marca propia" href="javascript:void(0);">                            <span class="info_text">Marca propia</span>                        </a>                                                        </div>        <img class="article_image" alt="CALDO CONDIS DESHIDRATADO CARNE 12 PASTILLAS" data-original="//static.condisline.com/resize_190x200/images/catalog/large/116271.jpg" src="//static.condisline.com/resize_190x200/images/catalog/large/116271.jpg" width="190" height="200" style="display: block;">        <meta itemprop="image" content="//static.condisline.com/resize_190x200/images/catalog/large/116271.jpg">        <div class="article_price_container" itemprop="offers" itemscope="" itemtype="http://schema.org/Offer">            <!-- Price -->                                            <span class="article_price" itemprop="price"><span id="list_price_116271">0,82</span></span>                <span class="currency">€</span>                <script>                    formatNumber('0.82', 'list_price_116271');                </script>                        <meta itemprop="priceCurrency" content="EUR">            <div class="unit_container">                                    <a class="substract_button" title="Menos" href="javascript:void(0);">-</a>                                <label class="quantity_container">                                                                        <input class="input_quantity_product" id="item_quantity_116271" type="number" data-product="116271" value="" min="1" max="999" required="" autocomplete="off">                                                            </label>                                    <a class="add_button" title="Más" href="javascript:void(0);">+</a>                    <a class="added_tick" title="Cambiar unidades" href="javascript:void(0);"></a>                            </div>                                                <div class="article_pum">                        <span>      6,83€/Kilo</span>                    </div>                                                                            <a data-product-id="116271" class="orange_button btn_add2cart" title="Añadir al carrito" onclick="dataLayer.push({event: 'event_gtm',category:'acciones usuario', action:'a�adir producto desde listado'})" href="javascript:addToCartFromItemList('116271')">AÑADIR AL CARRITO &gt;</a>                                        <span class="added_button">En carrito</span>                                    <a class="white_button" title="Añadir a mi lista" href="javascript:addToListFromItemList('116271')" onclick="dataLayer.push({event: 'event_gtm',category:'acciones usuario', action:'a�adir producto a lista'});">Añadir a mi lista</a>                                </div>                    <a class="article_link" title="Ver ficha de CALDO CONDIS DESHIDRATADO CARNE 12 PASTILLAS" href="/CALDO-CONDIS-DESHIDRATADO-CARNE-12-PASTILLAS_116271_prd_es_ES.jsp" onclick="javascript:callingTaggingEnpoints('')" itemprop="url"></a>                <div class="hover_container">            <div class="hover">                <div class="info_symbol"></div>            </div>        </div>                    </article>            </li>                    <li class="article" itemprop="itemListElement" itemscope="" itemtype="http://schema.org/Product">                    <article class="article_container" id="item_description_110306">            <a class="article_name" title="Ver ficha de CREMA BIO CASA AMELLA CALABAZA 500 ML" href="/CREMA-BIO-CASA-AMELLA-CALABAZA-500-ML_110306_prd_es_ES.jsp" itemprop="url"><span itemprop="name" id="description_text">CREMA BIO CASA AMELLA CALABAZA 500 ML</span></a>            <!--informacion de gluten y calorias -->        <div class="info_container">                            <span class="calories">32 <span>kcal</span></span>                <a class="info" title="Producto con 32 kilocalorías" href="javascript:void(0);">                    <span class="info_text">Producto con 32 kilocalorías.</span>                </a>                                                            <img class="info_icon" alt="10% Descuento para suscriptores Condisline Prime" src="//static.condisline.com/resize_39x39/images/product_icons/icon_subscription.png" width="39" height="39">                                            <a class="info" title="10% Descuento para suscriptores Condisline Prime" href="javascript:void(0);">                            <span class="info_text">10% Descuento para suscriptores Condisline Prime</span>                        </a>                                                        <img class="info_icon" alt="Producto ecológico" src="//static.condisline.com/resize_39x39/images/product_icons/icon_eco.jpg" width="39" height="39">                                            <a class="info" title="Producto ecológico" href="javascript:void(0);">                            <span class="info_text">Producto ecológico</span>                        </a>                                                        </div>        <img class="article_image" alt="CREMA BIO CASA AMELLA CALABAZA 500 ML" data-original="//static.condisline.com/resize_190x200/images/catalog/large/110306.jpg" src="//static.condisline.com/resize_190x200/images/catalog/large/110306.jpg" width="190" height="200" style="display: block;">        <meta itemprop="image" content="//static.condisline.com/resize_190x200/images/catalog/large/110306.jpg">        <div class="article_price_container" itemprop="offers" itemscope="" itemtype="http://schema.org/Offer">            <!-- Price -->                                            <span class="article_price" itemprop="price"><span id="list_price_110306">4,55</span></span>                <span class="currency">€</span>                <script>                    formatNumber('4.55', 'list_price_110306');                </script>                        <meta itemprop="priceCurrency" content="EUR">            <div class="unit_container">                                    <a class="substract_button" title="Menos" href="javascript:void(0);">-</a>                                <label class="quantity_container">                                                                        <input class="input_quantity_product" id="item_quantity_110306" type="number" data-product="110306" value="" min="1" max="999" required="" autocomplete="off">                                                            </label>                                    <a class="add_button" title="Más" href="javascript:void(0);">+</a>                    <a class="added_tick" title="Cambiar unidades" href="javascript:void(0);"></a>                            </div>                                                <div class="article_pum">                        <span>      9,10€/Litro</span>                    </div>                                                                            <a data-product-id="110306" class="orange_button btn_add2cart" title="Añadir al carrito" onclick="dataLayer.push({event: 'event_gtm',category:'acciones usuario', action:'a�adir producto desde listado'})" href="javascript:addToCartFromItemList('110306')">AÑADIR AL CARRITO &gt;</a>                                        <span class="added_button">En carrito</span>                                    <a class="white_button" title="Añadir a mi lista" href="javascript:addToListFromItemList('110306')" onclick="dataLayer.push({event: 'event_gtm',category:'acciones usuario', action:'a�adir producto a lista'});">Añadir a mi lista</a>                                </div>                    <a class="article_link" title="Ver ficha de CREMA BIO CASA AMELLA CALABAZA 500 ML" href="/CREMA-BIO-CASA-AMELLA-CALABAZA-500-ML_110306_prd_es_ES.jsp" onclick="javascript:callingTaggingEnpoints('')" itemprop="url"></a>                <div class="hover_container">            <div class="hover">                <div class="info_symbol"></div>            </div>        </div>                    </article>            </li>                    <li class="article" itemprop="itemListElement" itemscope="" itemtype="http://schema.org/Product">                    <article class="article_container" id="item_description_116005">            <a class="article_name" title="Ver ficha de CALDO AVECREM POLLO 8 PASTILLAS" href="/CALDO-AVECREM-POLLO-8-PASTILLAS_116005_prd_es_ES.jsp" itemprop="url"><span itemprop="name" id="description_text">CALDO AVECREM POLLO 8 PASTILLAS</span></a>            <!--informacion de gluten y calorias -->        <div class="info_container">                                                            <img class="info_icon" alt="10% Descuento para suscriptores Condisline Prime" src="//static.condisline.com/resize_39x39/images/product_icons/icon_subscription.png" width="39" height="39">                                            <a class="info" title="10% Descuento para suscriptores Condisline Prime" href="javascript:void(0);">                            <span class="info_text">10% Descuento para suscriptores Condisline Prime</span>                        </a>                                                        <img class="info_icon" alt="Producto sin gluten" src="//static.condisline.com/resize_39x39/images/product_icons/no_gluten.png" width="39" height="39">                                            <a class="info" title="Producto sin gluten" href="javascript:void(0);">                            <span class="info_text">Producto sin gluten</span>                        </a>                                                        </div>        <img class="article_image" alt="CALDO AVECREM POLLO 8 PASTILLAS" data-original="//static.condisline.com/resize_190x200/images/catalog/large/116005.jpg" src="//static.condisline.com/resize_190x200/images/catalog/large/116005.jpg" width="190" height="200" style="display: block;">        <meta itemprop="image" content="//static.condisline.com/resize_190x200/images/catalog/large/116005.jpg">        <div class="article_price_container" itemprop="offers" itemscope="" itemtype="http://schema.org/Offer">            <!-- Price -->                                            <span class="article_price" itemprop="price"><span id="list_price_116005">1,29</span></span>                <span class="currency">€</span>                <script>                    formatNumber('1.29', 'list_price_116005');                </script>                        <meta itemprop="priceCurrency" content="EUR">            <div class="unit_container">                                    <a class="substract_button" title="Menos" href="javascript:void(0);">-</a>                                <label class="quantity_container">                                                                        <input class="input_quantity_product" id="item_quantity_116005" type="number" data-product="116005" value="" min="1" max="999" required="" autocomplete="off">                                                            </label>                                    <a class="add_button" title="Más" href="javascript:void(0);">+</a>                    <a class="added_tick" title="Cambiar unidades" href="javascript:void(0);"></a>                            </div>                                                <div class="article_pum">                        <span>     17,92€/Kilo</span>                    </div>                                                                            <a data-product-id="116005" class="orange_button btn_add2cart" title="Añadir al carrito" onclick="dataLayer.push({event: 'event_gtm',category:'acciones usuario', action:'a�adir producto desde listado'})" href="javascript:addToCartFromItemList('116005')">AÑADIR AL CARRITO &gt;</a>                                        <span class="added_button">En carrito</span>                                    <a class="white_button" title="Añadir a mi lista" href="javascript:addToListFromItemList('116005')" onclick="dataLayer.push({event: 'event_gtm',category:'acciones usuario', action:'a�adir producto a lista'});">Añadir a mi lista</a>                                </div>                    <a class="article_link" title="Ver ficha de CALDO AVECREM POLLO 8 PASTILLAS" href="/CALDO-AVECREM-POLLO-8-PASTILLAS_116005_prd_es_ES.jsp" onclick="javascript:callingTaggingEnpoints('')" itemprop="url"></a>                <div class="hover_container">            <div class="hover">                <div class="info_symbol"></div>            </div>        </div>                    </article>            </li>                    <li class="article" itemprop="itemListElement" itemscope="" itemtype="http://schema.org/Product">                    <article class="article_container" id="item_description_121817">            <a class="article_name" title="Ver ficha de CREMA BIO CASA AMELLA CALABACIN 500 G" href="/CREMA-BIO-CASA-AMELLA-CALABACIN-500-G_121817_prd_es_ES.jsp" itemprop="url"><span itemprop="name" id="description_text">CREMA BIO CASA AMELLA CALABACIN 500 G</span></a>            <!--informacion de gluten y calorias -->        <div class="info_container">                            <span class="calories">37 <span>kcal</span></span>                <a class="info" title="Producto con 37 kilocalorías" href="javascript:void(0);">                    <span class="info_text">Producto con 37 kilocalorías.</span>                </a>                                                            <img class="info_icon" alt="10% Descuento para suscriptores Condisline Prime" src="//static.condisline.com/resize_39x39/images/product_icons/icon_subscription.png" width="39" height="39">                                            <a class="info" title="10% Descuento para suscriptores Condisline Prime" href="javascript:void(0);">                            <span class="info_text">10% Descuento para suscriptores Condisline Prime</span>                        </a>                                                        <img class="info_icon" alt="Producto ecológico" src="//static.condisline.com/resize_39x39/images/product_icons/icon_eco.jpg" width="39" height="39">                                            <a class="info" title="Producto ecológico" href="javascript:void(0);">                            <span class="info_text">Producto ecológico</span>                        </a>                                                        </div>        <img class="article_image" alt="CREMA BIO CASA AMELLA CALABACIN 500 G" data-original="//static.condisline.com/resize_190x200/images/catalog/large/121817.jpg" src="//static.condisline.com/resize_190x200/images/catalog/large/121817.jpg" width="190" height="200" style="display: block;">        <meta itemprop="image" content="//static.condisline.com/resize_190x200/images/catalog/large/121817.jpg">        <div class="article_price_container" itemprop="offers" itemscope="" itemtype="http://schema.org/Offer">            <!-- Price -->                                            <span class="article_price" itemprop="price"><span id="list_price_121817">4,55</span></span>                <span class="currency">€</span>                <script>                    formatNumber('4.55', 'list_price_121817');                </script>                        <meta itemprop="priceCurrency" content="EUR">            <div class="unit_container">                                    <a class="substract_button" title="Menos" href="javascript:void(0);">-</a>                                <label class="quantity_container">                                                                        <input class="input_quantity_product" id="item_quantity_121817" type="number" data-product="121817" value="" min="1" max="999" required="" autocomplete="off">                                                            </label>                                    <a class="add_button" title="Más" href="javascript:void(0);">+</a>                    <a class="added_tick" title="Cambiar unidades" href="javascript:void(0);"></a>                            </div>                                                <div class="article_pum">                        <span>      9,10€/Kilo</span>                    </div>                                                                            <a data-product-id="121817" class="orange_button btn_add2cart" title="Añadir al carrito" onclick="dataLayer.push({event: 'event_gtm',category:'acciones usuario', action:'a�adir producto desde listado'})" href="javascript:addToCartFromItemList('121817')">AÑADIR AL CARRITO &gt;</a>                                        <span class="added_button">En carrito</span>                                    <a class="white_button" title="Añadir a mi lista" href="javascript:addToListFromItemList('121817')" onclick="dataLayer.push({event: 'event_gtm',category:'acciones usuario', action:'a�adir producto a lista'});">Añadir a mi lista</a>                                </div>                    <a class="article_link" title="Ver ficha de CREMA BIO CASA AMELLA CALABACIN 500 G" href="/CREMA-BIO-CASA-AMELLA-CALABACIN-500-G_121817_prd_es_ES.jsp" onclick="javascript:callingTaggingEnpoints('')" itemprop="url"></a>                <div class="hover_container">            <div class="hover">                <div class="info_symbol"></div>            </div>        </div>                    </article>            </li>                    <li class="article" itemprop="itemListElement" itemscope="" itemtype="http://schema.org/Product">                    <article class="article_container" id="item_description_116253">            <a class="article_name" title="Ver ficha de FUMET ANETO PESCADO 1 L" href="/FUMET-ANETO-PESCADO-1-L_116253_prd_es_ES.jsp" itemprop="url"><span itemprop="name" id="description_text">FUMET ANETO PESCADO 1 L</span></a>            <!--informacion de gluten y calorias -->        <div class="info_container">                            <span class="calories">15 <span>kcal</span></span>                <a class="info" title="Producto con 15 kilocalorías" href="javascript:void(0);">                    <span class="info_text">Producto con 15 kilocalorías.</span>                </a>                                                            <img class="info_icon" alt="10% Descuento para suscriptores Condisline Prime" src="//static.condisline.com/resize_39x39/images/product_icons/icon_subscription.png" width="39" height="39">                                            <a class="info" title="10% Descuento para suscriptores Condisline Prime" href="javascript:void(0);">                            <span class="info_text">10% Descuento para suscriptores Condisline Prime</span>                        </a>                                                        <img class="info_icon" alt="Producto sin gluten" src="//static.condisline.com/resize_39x39/images/product_icons/no_gluten.png" width="39" height="39">                                            <a class="info" title="Producto sin gluten" href="javascript:void(0);">                            <span class="info_text">Producto sin gluten</span>                        </a>                                                        <img class="info_icon" alt="Producto sin lactosa" src="//static.condisline.com/resize_39x39/images/product_icons/no_lactosa.png" width="39" height="39">                                            <a class="info" title="Producto sin lactosa" href="javascript:void(0);">                            <span class="info_text">Producto sin lactosa</span>                        </a>                                                        </div>        <img class="article_image" alt="FUMET ANETO PESCADO 1 L" data-original="//static.condisline.com/resize_190x200/images/catalog/large/116253.jpg" src="//static.condisline.com/resize_190x200/images/catalog/large/116253.jpg" width="190" height="200" style="display: block;">        <meta itemprop="image" content="//static.condisline.com/resize_190x200/images/catalog/large/116253.jpg">        <div class="article_price_container" itemprop="offers" itemscope="" itemtype="http://schema.org/Offer">            <!-- Price -->                                            <span class="article_price" itemprop="price"><span id="list_price_116253">6,90</span></span>                <span class="currency">€</span>                <script>                    formatNumber('6.9', 'list_price_116253');                </script>                        <meta itemprop="priceCurrency" content="EUR">            <div class="unit_container">                                    <a class="substract_button" title="Menos" href="javascript:void(0);">-</a>                                <label class="quantity_container">                                                                        <input class="input_quantity_product" id="item_quantity_116253" type="number" data-product="116253" value="" min="1" max="999" required="" autocomplete="off">                                                            </label>                                    <a class="add_button" title="Más" href="javascript:void(0);">+</a>                    <a class="added_tick" title="Cambiar unidades" href="javascript:void(0);"></a>                            </div>                                                <div class="article_pum">                        <span>      6,90€/Litro</span>                    </div>                                                                            <a data-product-id="116253" class="orange_button btn_add2cart" title="Añadir al carrito" onclick="dataLayer.push({event: 'event_gtm',category:'acciones usuario', action:'a�adir producto desde listado'})" href="javascript:addToCartFromItemList('116253')">AÑADIR AL CARRITO &gt;</a>                                        <span class="added_button">En carrito</span>                                    <a class="white_button" title="Añadir a mi lista" href="javascript:addToListFromItemList('116253')" onclick="dataLayer.push({event: 'event_gtm',category:'acciones usuario', action:'a�adir producto a lista'});">Añadir a mi lista</a>                                </div>                    <a class="article_link" title="Ver ficha de FUMET ANETO PESCADO 1 L" href="/FUMET-ANETO-PESCADO-1-L_116253_prd_es_ES.jsp" onclick="javascript:callingTaggingEnpoints('')" itemprop="url"></a>                <div class="hover_container">            <div class="hover">                <div class="info_symbol"></div>            </div>        </div>                    </article>            </li>        <!--    </ul> --><!--    <ul id="carousel_articles" class="articles_list" itemscope="" itemtype="http://schema.org/ItemList"> -->                    <li class="article" itemprop="itemListElement" itemscope="" itemtype="http://schema.org/Product">                    <article class="article_container" id="item_description_116343">            <a class="article_name" title="Ver ficha de CREMA GALLINA BLANCA ESPÁRRAGO/JAMÓN 500 ML" href="/CREMA-GALLINA-BLANCA-ESPARRAGO-JAMON-500-ML_116343_prd_es_ES.jsp" itemprop="url"><span itemprop="name" id="description_text">CREMA GALLINA BLANCA ESPÁRRAGO/JAMÓN 500 ML</span></a>            <!--informacion de gluten y calorias -->        <div class="info_container">                            <span class="calories">50 <span>kcal</span></span>                <a class="info" title="Producto con 50 kilocalorías" href="javascript:void(0);">                    <span class="info_text">Producto con 50 kilocalorías.</span>                </a>                                                            <img class="info_icon" alt="10% Descuento para suscriptores Condisline Prime" src="//static.condisline.com/resize_39x39/images/product_icons/icon_subscription.png" width="39" height="39">                                            <a class="info" title="10% Descuento para suscriptores Condisline Prime" href="javascript:void(0);">                            <span class="info_text">10% Descuento para suscriptores Condisline Prime</span>                        </a>                                                        </div>        <img class="article_image" alt="CREMA GALLINA BLANCA ESPÁRRAGO/JAMÓN 500 ML" data-original="//static.condisline.com/resize_190x200/images/catalog/large/116343.jpg" src="//static.condisline.com/resize_190x200/images/catalog/large/116343.jpg" width="190" height="200" style="display: block;">        <meta itemprop="image" content="//static.condisline.com/resize_190x200/images/catalog/large/116343.jpg">        <div class="article_price_container" itemprop="offers" itemscope="" itemtype="http://schema.org/Offer">            <!-- Price -->                                            <span class="article_price" itemprop="price"><span id="list_price_116343">1,99</span></span>                <span class="currency">€</span>                <script>                    formatNumber('1.99', 'list_price_116343');                </script>                        <meta itemprop="priceCurrency" content="EUR">            <div class="unit_container">                                    <a class="substract_button" title="Menos" href="javascript:void(0);">-</a>                                <label class="quantity_container">                                                                        <input class="input_quantity_product" id="item_quantity_116343" type="number" data-product="116343" value="" min="1" max="999" required="" autocomplete="off">                                                            </label>                                    <a class="add_button" title="Más" href="javascript:void(0);">+</a>                    <a class="added_tick" title="Cambiar unidades" href="javascript:void(0);"></a>                            </div>                                                <div class="article_pum">                        <span>      3,98€/Litro</span>                    </div>                                                                            <a data-product-id="116343" class="orange_button btn_add2cart" title="Añadir al carrito" onclick="dataLayer.push({event: 'event_gtm',category:'acciones usuario', action:'a�adir producto desde listado'})" href="javascript:addToCartFromItemList('116343')">AÑADIR AL CARRITO &gt;</a>                                        <span class="added_button">En carrito</span>                                    <a class="white_button" title="Añadir a mi lista" href="javascript:addToListFromItemList('116343')" onclick="dataLayer.push({event: 'event_gtm',category:'acciones usuario', action:'a�adir producto a lista'});">Añadir a mi lista</a>                                </div>                    <a class="article_link" title="Ver ficha de CREMA GALLINA BLANCA ESPÁRRAGO/JAMÓN 500 ML" href="/CREMA-GALLINA-BLANCA-ESPARRAGO-JAMON-500-ML_116343_prd_es_ES.jsp" onclick="javascript:callingTaggingEnpoints('')" itemprop="url"></a>                <div class="hover_container">            <div class="hover">                <div class="info_symbol"></div>            </div>        </div>                    </article>            </li>                    <li class="article" itemprop="itemListElement" itemscope="" itemtype="http://schema.org/Product">                    <article class="article_container" id="item_description_116128">            <a class="article_name" title="Ver ficha de CALDO ANETO PAELLA MARINERA 1 L" href="/CALDO-ANETO-PAELLA-MARINERA-1-L_116128_prd_es_ES.jsp" itemprop="url"><span itemprop="name" id="description_text">CALDO ANETO PAELLA MARINERA 1 L</span></a>            <!--informacion de gluten y calorias -->        <div class="info_container">                            <span class="calories">30 <span>kcal</span></span>                <a class="info" title="Producto con 30 kilocalorías" href="javascript:void(0);">                    <span class="info_text">Producto con 30 kilocalorías.</span>                </a>                                                            <img class="info_icon" alt="10% Descuento para suscriptores Condisline Prime" src="//static.condisline.com/resize_39x39/images/product_icons/icon_subscription.png" width="39" height="39">                                            <a class="info" title="10% Descuento para suscriptores Condisline Prime" href="javascript:void(0);">                            <span class="info_text">10% Descuento para suscriptores Condisline Prime</span>                        </a>                                                        <img class="info_icon" alt="Producto sin gluten" src="//static.condisline.com/resize_39x39/images/product_icons/no_gluten.png" width="39" height="39">                                            <a class="info" title="Producto sin gluten" href="javascript:void(0);">                            <span class="info_text">Producto sin gluten</span>                        </a>                                                        <img class="info_icon" alt="Producto sin lactosa" src="//static.condisline.com/resize_39x39/images/product_icons/no_lactosa.png" width="39" height="39">                                            <a class="info" title="Producto sin lactosa" href="javascript:void(0);">                            <span class="info_text">Producto sin lactosa</span>                        </a>                                                        </div>        <img class="article_image" alt="CALDO ANETO PAELLA MARINERA 1 L" data-original="//static.condisline.com/resize_190x200/images/catalog/large/116128.jpg" src="//static.condisline.com/resize_190x200/images/catalog/large/116128.jpg" width="190" height="200" style="display: block;">        <meta itemprop="image" content="//static.condisline.com/resize_190x200/images/catalog/large/116128.jpg">        <div class="article_price_container" itemprop="offers" itemscope="" itemtype="http://schema.org/Offer">            <!-- Price -->                                            <span class="article_price" itemprop="price"><span id="list_price_116128">5,25</span></span>                <span class="currency">€</span>                <script>                    formatNumber('5.25', 'list_price_116128');                </script>                        <meta itemprop="priceCurrency" content="EUR">            <div class="unit_container">                                    <a class="substract_button" title="Menos" href="javascript:void(0);">-</a>                                <label class="quantity_container">                                                                        <input class="input_quantity_product" id="item_quantity_116128" type="number" data-product="116128" value="" min="1" max="999" required="" autocomplete="off">                                                            </label>                                    <a class="add_button" title="Más" href="javascript:void(0);">+</a>                    <a class="added_tick" title="Cambiar unidades" href="javascript:void(0);"></a>                            </div>                                                <div class="article_pum">                        <span>      5,25€/Litro</span>                    </div>                                                                            <a data-product-id="116128" class="orange_button btn_add2cart" title="Añadir al carrito" onclick="dataLayer.push({event: 'event_gtm',category:'acciones usuario', action:'a�adir producto desde listado'})" href="javascript:addToCartFromItemList('116128')">AÑADIR AL CARRITO &gt;</a>                                        <span class="added_button">En carrito</span>                                    <a class="white_button" title="Añadir a mi lista" href="javascript:addToListFromItemList('116128')" onclick="dataLayer.push({event: 'event_gtm',category:'acciones usuario', action:'a�adir producto a lista'});">Añadir a mi lista</a>                                </div>                    <a class="article_link" title="Ver ficha de CALDO ANETO PAELLA MARINERA 1 L" href="/CALDO-ANETO-PAELLA-MARINERA-1-L_116128_prd_es_ES.jsp" onclick="javascript:callingTaggingEnpoints('')" itemprop="url"></a>                <div class="hover_container">            <div class="hover">                <div class="info_symbol"></div>            </div>        </div>                    </article>            </li>                    <li class="article" itemprop="itemListElement" itemscope="" itemtype="http://schema.org/Product">                    <article class="article_container" id="item_description_116256">            <a class="article_name" title="Ver ficha de CALDO KNORR DOBLE 12 PASTILLAS" href="/CALDO-KNORR-DOBLE-12-PASTILLAS_116256_prd_es_ES.jsp" itemprop="url"><span itemprop="name" id="description_text">CALDO KNORR DOBLE 12 PASTILLAS</span></a>            <!--informacion de gluten y calorias -->        <div class="info_container">                            <span class="calories">256 <span>kcal</span></span>                <a class="info" title="Producto con 256 kilocalorías" href="javascript:void(0);">                    <span class="info_text">Producto con 256 kilocalorías.</span>                </a>                                                            <img class="info_icon" alt="10% Descuento para suscriptores Condisline Prime" src="//static.condisline.com/resize_39x39/images/product_icons/icon_subscription.png" width="39" height="39">                                            <a class="info" title="10% Descuento para suscriptores Condisline Prime" href="javascript:void(0);">                            <span class="info_text">10% Descuento para suscriptores Condisline Prime</span>                        </a>                                                        </div>        <img class="article_image" alt="CALDO KNORR DOBLE 12 PASTILLAS" data-original="//static.condisline.com/resize_190x200/images/catalog/large/116256.jpg" src="//static.condisline.com/resize_190x200/images/catalog/large/116256.jpg" width="190" height="200" style="display: block;">        <meta itemprop="image" content="//static.condisline.com/resize_190x200/images/catalog/large/116256.jpg">        <div class="article_price_container" itemprop="offers" itemscope="" itemtype="http://schema.org/Offer">            <!-- Price -->                                            <span class="article_price" itemprop="price"><span id="list_price_116256">1,65</span></span>                <span class="currency">€</span>                <script>                    formatNumber('1.65', 'list_price_116256');                </script>                        <meta itemprop="priceCurrency" content="EUR">            <div class="unit_container">                                    <a class="substract_button" title="Menos" href="javascript:void(0);">-</a>                                <label class="quantity_container">                                                                        <input class="input_quantity_product" id="item_quantity_116256" type="number" data-product="116256" value="" min="1" max="999" required="" autocomplete="off">                                                            </label>                                    <a class="add_button" title="Más" href="javascript:void(0);">+</a>                    <a class="added_tick" title="Cambiar unidades" href="javascript:void(0);"></a>                            </div>                                                <div class="article_pum">                        <span>     13,75€/Kilo</span>                    </div>                                                                            <a data-product-id="116256" class="orange_button btn_add2cart" title="Añadir al carrito" onclick="dataLayer.push({event: 'event_gtm',category:'acciones usuario', action:'a�adir producto desde listado'})" href="javascript:addToCartFromItemList('116256')">AÑADIR AL CARRITO &gt;</a>                                        <span class="added_button">En carrito</span>                                    <a class="white_button" title="Añadir a mi lista" href="javascript:addToListFromItemList('116256')" onclick="dataLayer.push({event: 'event_gtm',category:'acciones usuario', action:'a�adir producto a lista'});">Añadir a mi lista</a>                                </div>                    <a class="article_link" title="Ver ficha de CALDO KNORR DOBLE 12 PASTILLAS" href="/CALDO-KNORR-DOBLE-12-PASTILLAS_116256_prd_es_ES.jsp" onclick="javascript:callingTaggingEnpoints('')" itemprop="url"></a>                <div class="hover_container">            <div class="hover">                <div class="info_symbol"></div>            </div>        </div>                    </article>            </li>                    <li class="article" itemprop="itemListElement" itemscope="" itemtype="http://schema.org/Product">                    <article class="article_container" id="item_description_116380">            <a class="article_name" title="Ver ficha de CREMA KNORR MEDITERRANEA 500 ML" href="/CREMA-KNORR-MEDITERRANEA-500-ML_116380_prd_es_ES.jsp" itemprop="url"><span itemprop="name" id="description_text">CREMA KNORR MEDITERRANEA 500 ML</span></a>            <!--informacion de gluten y calorias -->        <div class="info_container">                                                            <img class="info_icon" alt="10% Descuento para suscriptores Condisline Prime" src="//static.condisline.com/resize_39x39/images/product_icons/icon_subscription.png" width="39" height="39">                                            <a class="info" title="10% Descuento para suscriptores Condisline Prime" href="javascript:void(0);">                            <span class="info_text">10% Descuento para suscriptores Condisline Prime</span>                        </a>                                                        </div>        <img class="article_image" alt="CREMA KNORR MEDITERRANEA 500 ML" data-original="//static.condisline.com/resize_190x200/images/catalog/large/116380.jpg" src="//static.condisline.com/resize_190x200/images/catalog/large/116380.jpg" width="190" height="200" style="display: block;">        <meta itemprop="image" content="//static.condisline.com/resize_190x200/images/catalog/large/116380.jpg">        <div class="article_price_container" itemprop="offers" itemscope="" itemtype="http://schema.org/Offer">            <!-- Price -->                                            <span class="article_price" itemprop="price"><span id="list_price_116380">1,89</span></span>                <span class="currency">€</span>                <script>                    formatNumber('1.89', 'list_price_116380');                </script>                        <meta itemprop="priceCurrency" content="EUR">            <div class="unit_container">                                    <a class="substract_button" title="Menos" href="javascript:void(0);">-</a>                                <label class="quantity_container">                                                                        <input class="input_quantity_product" id="item_quantity_116380" type="number" data-product="116380" value="" min="1" max="999" required="" autocomplete="off">                                                            </label>                                    <a class="add_button" title="Más" href="javascript:void(0);">+</a>                    <a class="added_tick" title="Cambiar unidades" href="javascript:void(0);"></a>                            </div>                                                <div class="article_pum">                        <span>      3,78€/Litro</span>                    </div>                                                                            <a data-product-id="116380" class="orange_button btn_add2cart" title="Añadir al carrito" onclick="dataLayer.push({event: 'event_gtm',category:'acciones usuario', action:'a�adir producto desde listado'})" href="javascript:addToCartFromItemList('116380')">AÑADIR AL CARRITO &gt;</a>                                        <span class="added_button">En carrito</span>                                    <a class="white_button" title="Añadir a mi lista" href="javascript:addToListFromItemList('116380')" onclick="dataLayer.push({event: 'event_gtm',category:'acciones usuario', action:'a�adir producto a lista'});">Añadir a mi lista</a>                                </div>                    <a class="article_link" title="Ver ficha de CREMA KNORR MEDITERRANEA 500 ML" href="/CREMA-KNORR-MEDITERRANEA-500-ML_116380_prd_es_ES.jsp" onclick="javascript:callingTaggingEnpoints('')" itemprop="url"></a>                <div class="hover_container">            <div class="hover">                <div class="info_symbol"></div>            </div>        </div>                    </article>            </li>                    <li class="article" itemprop="itemListElement" itemscope="" itemtype="http://schema.org/Product">                    <article class="article_container" id="item_description_110304">            <a class="article_name" title="Ver ficha de CREMA BIO CASA AMELLA ZANAHORIA 500 ML" href="/CREMA-BIO-CASA-AMELLA-ZANAHORIA-500-ML_110304_prd_es_ES.jsp" itemprop="url"><span itemprop="name" id="description_text">CREMA BIO CASA AMELLA ZANAHORIA 500 ML</span></a>            <!--informacion de gluten y calorias -->        <div class="info_container">                            <span class="calories">37 <span>kcal</span></span>                <a class="info" title="Producto con 37 kilocalorías" href="javascript:void(0);">                    <span class="info_text">Producto con 37 kilocalorías.</span>                </a>                                                            <img class="info_icon" alt="10% Descuento para suscriptores Condisline Prime" src="//static.condisline.com/resize_39x39/images/product_icons/icon_subscription.png" width="39" height="39">                                            <a class="info" title="10% Descuento para suscriptores Condisline Prime" href="javascript:void(0);">                            <span class="info_text">10% Descuento para suscriptores Condisline Prime</span>                        </a>                                                        <img class="info_icon" alt="Producto ecológico" src="//static.condisline.com/resize_39x39/images/product_icons/icon_eco.jpg" width="39" height="39">                                            <a class="info" title="Producto ecológico" href="javascript:void(0);">                            <span class="info_text">Producto ecológico</span>                        </a>                                                        </div>        <img class="article_image" alt="CREMA BIO CASA AMELLA ZANAHORIA 500 ML" data-original="//static.condisline.com/resize_190x200/images/catalog/large/110304.jpg" src="//static.condisline.com/resize_190x200/images/catalog/large/110304.jpg" width="190" height="200" style="display: block;">        <meta itemprop="image" content="//static.condisline.com/resize_190x200/images/catalog/large/110304.jpg">        <div class="article_price_container" itemprop="offers" itemscope="" itemtype="http://schema.org/Offer">            <!-- Price -->                                            <span class="article_price" itemprop="price"><span id="list_price_110304">4,55</span></span>                <span class="currency">€</span>                <script>                    formatNumber('4.55', 'list_price_110304');                </script>                        <meta itemprop="priceCurrency" content="EUR">            <div class="unit_container">                                    <a class="substract_button" title="Menos" href="javascript:void(0);">-</a>                                <label class="quantity_container">                                                                        <input class="input_quantity_product" id="item_quantity_110304" type="number" data-product="110304" value="" min="1" max="999" required="" autocomplete="off">                                                            </label>                                    <a class="add_button" title="Más" href="javascript:void(0);">+</a>                    <a class="added_tick" title="Cambiar unidades" href="javascript:void(0);"></a>                            </div>                                                <div class="article_pum">                        <span>      9,10€/Litro</span>                    </div>                                                                            <a data-product-id="110304" class="orange_button btn_add2cart" title="Añadir al carrito" onclick="dataLayer.push({event: 'event_gtm',category:'acciones usuario', action:'a�adir producto desde listado'})" href="javascript:addToCartFromItemList('110304')">AÑADIR AL CARRITO &gt;</a>                                        <span class="added_button">En carrito</span>                                    <a class="white_button" title="Añadir a mi lista" href="javascript:addToListFromItemList('110304')" onclick="dataLayer.push({event: 'event_gtm',category:'acciones usuario', action:'a�adir producto a lista'});">Añadir a mi lista</a>                                </div>                    <a class="article_link" title="Ver ficha de CREMA BIO CASA AMELLA ZANAHORIA 500 ML" href="/CREMA-BIO-CASA-AMELLA-ZANAHORIA-500-ML_110304_prd_es_ES.jsp" onclick="javascript:callingTaggingEnpoints('')" itemprop="url"></a>                <div class="hover_container">            <div class="hover">                <div class="info_symbol"></div>            </div>        </div>                    </article>            </li>                    <li class="article" itemprop="itemListElement" itemscope="" itemtype="http://schema.org/Product">                    <article class="article_container" id="item_description_116385">            <a class="article_name" title="Ver ficha de CALDO GOURMET GALLINA BLANCA PESCADO BOGAVANTE 1 L" href="/CALDO-GOURMET-GALLINA-BLANCA-PESCADO-BOGAVANTE-1-L_116385_prd_es_ES.jsp" itemprop="url"><span itemprop="name" id="description_text">CALDO GOURMET GALLINA BLANCA PESCADO BOGAVANTE 1 L</span></a>            <!--informacion de gluten y calorias -->        <div class="info_container">                            <span class="calories">4 <span>kcal</span></span>                <a class="info" title="Producto con 4 kilocalorías" href="javascript:void(0);">                    <span class="info_text">Producto con 4 kilocalorías.</span>                </a>                                                            <img class="info_icon" alt="10% Descuento para suscriptores Condisline Prime" src="//static.condisline.com/resize_39x39/images/product_icons/icon_subscription.png" width="39" height="39">                                            <a class="info" title="10% Descuento para suscriptores Condisline Prime" href="javascript:void(0);">                            <span class="info_text">10% Descuento para suscriptores Condisline Prime</span>                        </a>                                                        </div>        <img class="article_image" alt="CALDO GOURMET GALLINA BLANCA PESCADO BOGAVANTE 1 L" data-original="//static.condisline.com/resize_190x200/images/catalog/large/116385.jpg" src="//static.condisline.com/resize_190x200/images/catalog/large/116385.jpg" width="190" height="200" style="display: block;">        <meta itemprop="image" content="//static.condisline.com/resize_190x200/images/catalog/large/116385.jpg">        <div class="article_price_container" itemprop="offers" itemscope="" itemtype="http://schema.org/Offer">            <!-- Price -->                                            <span class="article_price" itemprop="price"><span id="list_price_116385">2,99</span></span>                <span class="currency">€</span>                <script>                    formatNumber('2.99', 'list_price_116385');                </script>                        <meta itemprop="priceCurrency" content="EUR">            <div class="unit_container">                                    <a class="substract_button" title="Menos" href="javascript:void(0);">-</a>                                <label class="quantity_container">                                                                        <input class="input_quantity_product" id="item_quantity_116385" type="number" data-product="116385" value="" min="1" max="999" required="" autocomplete="off">                                                            </label>                                    <a class="add_button" title="Más" href="javascript:void(0);">+</a>                    <a class="added_tick" title="Cambiar unidades" href="javascript:void(0);"></a>                            </div>                                                <div class="article_pum">                        <span>      2,99€/Litro</span>                    </div>                                                                            <a data-product-id="116385" class="orange_button btn_add2cart" title="Añadir al carrito" onclick="dataLayer.push({event: 'event_gtm',category:'acciones usuario', action:'a�adir producto desde listado'})" href="javascript:addToCartFromItemList('116385')">AÑADIR AL CARRITO &gt;</a>                                        <span class="added_button">En carrito</span>                                    <a class="white_button" title="Añadir a mi lista" href="javascript:addToListFromItemList('116385')" onclick="dataLayer.push({event: 'event_gtm',category:'acciones usuario', action:'a�adir producto a lista'});">Añadir a mi lista</a>                                </div>                    <a class="article_link" title="Ver ficha de CALDO GOURMET GALLINA BLANCA PESCADO BOGAVANTE 1 L" href="/CALDO-GOURMET-GALLINA-BLANCA-PESCADO-BOGAVANTE-1-L_116385_prd_es_ES.jsp" onclick="javascript:callingTaggingEnpoints('')" itemprop="url"></a>                <div class="hover_container">            <div class="hover">                <div class="info_symbol"></div>            </div>        </div>                    </article>            </li>                    <li class="article" itemprop="itemListElement" itemscope="" itemtype="http://schema.org/Product">                    <article class="article_container" id="item_description_110468">            <a class="article_name" title="Ver ficha de CREMA ECO CONDIS CALABACÍN 250 ML" href="/CREMA-ECO-CONDIS-CALABACIN-250-ML_110468_prd_es_ES.jsp" itemprop="url"><span itemprop="name" id="description_text">CREMA ECO CONDIS CALABACÍN 250 ML</span></a>            <!--informacion de gluten y calorias -->        <div class="info_container">                            <span class="calories">36 <span>kcal</span></span>                <a class="info" title="Producto con 36 kilocalorías" href="javascript:void(0);">                    <span class="info_text">Producto con 36 kilocalorías.</span>                </a>                                                            <img class="info_icon" alt="10% Descuento para suscriptores Condisline Prime" src="//static.condisline.com/resize_39x39/images/product_icons/icon_subscription.png" width="39" height="39">                                            <a class="info" title="10% Descuento para suscriptores Condisline Prime" href="javascript:void(0);">                            <span class="info_text">10% Descuento para suscriptores Condisline Prime</span>                        </a>                                                        <img class="info_icon" alt="Producto sin gluten" src="//static.condisline.com/resize_39x39/images/product_icons/no_gluten.png" width="39" height="39">                                            <a class="info" title="Producto sin gluten" href="javascript:void(0);">                            <span class="info_text">Producto sin gluten</span>                        </a>                                                        <img class="info_icon" alt="Producto ecológico" src="//static.condisline.com/resize_39x39/images/product_icons/icon_eco.jpg" width="39" height="39">                                            <a class="info" title="Producto ecológico" href="javascript:void(0);">                            <span class="info_text">Producto ecológico</span>                        </a>                                                        <img class="info_icon" alt="Marca propia" src="//static.condisline.com/resize_39x39/images/product_icons/marca_propia.png" width="39" height="39">                                            <a class="info" title="Marca propia" href="javascript:void(0);">                            <span class="info_text">Marca propia</span>                        </a>                                                        </div>        <img class="article_image" alt="CREMA ECO CONDIS CALABACÍN 250 ML" data-original="//static.condisline.com/resize_190x200/images/catalog/large/110468.jpg" src="//static.condisline.com/resize_190x200/images/catalog/large/110468.jpg" width="190" height="200" style="display: block;">        <meta itemprop="image" content="//static.condisline.com/resize_190x200/images/catalog/large/110468.jpg">        <div class="article_price_container" itemprop="offers" itemscope="" itemtype="http://schema.org/Offer">            <!-- Price -->                                            <span class="article_price" itemprop="price"><span id="list_price_110468">2,55</span></span>                <span class="currency">€</span>                <script>                    formatNumber('2.55', 'list_price_110468');                </script>                        <meta itemprop="priceCurrency" content="EUR">            <div class="unit_container">                                    <a class="substract_button" title="Menos" href="javascript:void(0);">-</a>                                <label class="quantity_container">                                                                        <input class="input_quantity_product" id="item_quantity_110468" type="number" data-product="110468" value="" min="1" max="999" required="" autocomplete="off">                                                            </label>                                    <a class="add_button" title="Más" href="javascript:void(0);">+</a>                    <a class="added_tick" title="Cambiar unidades" href="javascript:void(0);"></a>                            </div>                                                <div class="article_pum">                        <span>     10,20€/Litro</span>                    </div>                                                                            <a data-product-id="110468" class="orange_button btn_add2cart" title="Añadir al carrito" onclick="dataLayer.push({event: 'event_gtm',category:'acciones usuario', action:'a�adir producto desde listado'})" href="javascript:addToCartFromItemList('110468')">AÑADIR AL CARRITO &gt;</a>                                        <span class="added_button">En carrito</span>                                    <a class="white_button" title="Añadir a mi lista" href="javascript:addToListFromItemList('110468')" onclick="dataLayer.push({event: 'event_gtm',category:'acciones usuario', action:'a�adir producto a lista'});">Añadir a mi lista</a>                                </div>                    <a class="article_link" title="Ver ficha de CREMA ECO CONDIS CALABACÍN 250 ML" href="/CREMA-ECO-CONDIS-CALABACIN-250-ML_110468_prd_es_ES.jsp" onclick="javascript:callingTaggingEnpoints('')" itemprop="url"></a>                <div class="hover_container">            <div class="hover">                <div class="info_symbol"></div>            </div>        </div>                    </article>            </li>                    <li class="article" itemprop="itemListElement" itemscope="" itemtype="http://schema.org/Product">                    <article class="article_container" id="item_description_491907">            <a class="article_name" title="Ver ficha de FUMET  DE PESCADO 1 L" href="/FUMET-DE-PESCADO-1-L_491907_prd_es_ES.jsp" itemprop="url"><span itemprop="name" id="description_text">FUMET  DE PESCADO 1 L</span></a>            <!--informacion de gluten y calorias -->        <div class="info_container">                                                            <img class="info_icon" alt="10% Descuento para suscriptores Condisline Prime" src="//static.condisline.com/resize_39x39/images/product_icons/icon_subscription.png" width="39" height="39">                                            <a class="info" title="10% Descuento para suscriptores Condisline Prime" href="javascript:void(0);">                            <span class="info_text">10% Descuento para suscriptores Condisline Prime</span>                        </a>                                                        </div>        <img class="article_image" alt="FUMET  DE PESCADO 1 L" data-original="//static.condisline.com/resize_190x200/images/catalog/large/491907.jpg" src="//static.condisline.com/resize_190x200/images/catalog/large/491907.jpg" width="190" height="200" style="display: block;">        <meta itemprop="image" content="//static.condisline.com/resize_190x200/images/catalog/large/491907.jpg">        <div class="article_price_container" itemprop="offers" itemscope="" itemtype="http://schema.org/Offer">            <!-- Price -->                                            <span class="article_price" itemprop="price"><span id="list_price_491907">4,99</span></span>                <span class="currency">€</span>                <script>                    formatNumber('4.99', 'list_price_491907');                </script>                        <meta itemprop="priceCurrency" content="EUR">            <div class="unit_container">                                    <a class="substract_button" title="Menos" href="javascript:void(0);">-</a>                                <label class="quantity_container">                                                                        <input class="input_quantity_product" id="item_quantity_491907" type="number" data-product="491907" value="" min="1" max="999" required="" autocomplete="off">                                                            </label>                                    <a class="add_button" title="Más" href="javascript:void(0);">+</a>                    <a class="added_tick" title="Cambiar unidades" href="javascript:void(0);"></a>                            </div>                                                <div class="article_pum">                        <span>      4,99€/Kilo</span>                    </div>                                                                            <a data-product-id="491907" class="orange_button btn_add2cart" title="Añadir al carrito" onclick="dataLayer.push({event: 'event_gtm',category:'acciones usuario', action:'a�adir producto desde listado'})" href="javascript:addToCartFromItemList('491907')">AÑADIR AL CARRITO &gt;</a>                                        <span class="added_button">En carrito</span>                                    <a class="white_button" title="Añadir a mi lista" href="javascript:addToListFromItemList('491907')" onclick="dataLayer.push({event: 'event_gtm',category:'acciones usuario', action:'a�adir producto a lista'});">Añadir a mi lista</a>                                </div>                    <a class="article_link" title="Ver ficha de FUMET  DE PESCADO 1 L" href="/FUMET-DE-PESCADO-1-L_491907_prd_es_ES.jsp" onclick="javascript:callingTaggingEnpoints('')" itemprop="url"></a>                <div class="hover_container">            <div class="hover">                <div class="info_symbol"></div>            </div>        </div>                    </article>            </li>                    <li class="article" itemprop="itemListElement" itemscope="" itemtype="http://schema.org/Product">                    <article class="article_container" id="item_description_116269">            <a class="article_name" title="Ver ficha de CALDO CONDIS DESHIDRATADO PESCADO 12 PASTILLAS" href="/CALDO-CONDIS-DESHIDRATADO-PESCADO-12-PASTILLAS_116269_prd_es_ES.jsp" itemprop="url"><span itemprop="name" id="description_text">CALDO CONDIS DESHIDRATADO PESCADO 12 PASTILLAS</span></a>            <!--informacion de gluten y calorias -->        <div class="info_container">                            <span class="calories">193 <span>kcal</span></span>                <a class="info" title="Producto con 193 kilocalorías" href="javascript:void(0);">                    <span class="info_text">Producto con 193 kilocalorías.</span>                </a>                                                            <img class="info_icon" alt="10% Descuento para suscriptores Condisline Prime" src="//static.condisline.com/resize_39x39/images/product_icons/icon_subscription.png" width="39" height="39">                                            <a class="info" title="10% Descuento para suscriptores Condisline Prime" href="javascript:void(0);">                            <span class="info_text">10% Descuento para suscriptores Condisline Prime</span>                        </a>                                                        <img class="info_icon" alt="Producto sin gluten" src="//static.condisline.com/resize_39x39/images/product_icons/no_gluten.png" width="39" height="39">                                            <a class="info" title="Producto sin gluten" href="javascript:void(0);">                            <span class="info_text">Producto sin gluten</span>                        </a>                                                        <img class="info_icon" alt="Marca propia" src="//static.condisline.com/resize_39x39/images/product_icons/marca_propia.png" width="39" height="39">                                            <a class="info" title="Marca propia" href="javascript:void(0);">                            <span class="info_text">Marca propia</span>                        </a>                                                        </div>        <img class="article_image" alt="CALDO CONDIS DESHIDRATADO PESCADO 12 PASTILLAS" data-original="//static.condisline.com/resize_190x200/images/catalog/large/116269.jpg" src="//static.condisline.com/resize_190x200/images/catalog/large/116269.jpg" width="190" height="200" style="display: block;">        <meta itemprop="image" content="//static.condisline.com/resize_190x200/images/catalog/large/116269.jpg">        <div class="article_price_container" itemprop="offers" itemscope="" itemtype="http://schema.org/Offer">            <!-- Price -->                                            <span class="article_price" itemprop="price"><span id="list_price_116269">0,82</span></span>                <span class="currency">€</span>                <script>                    formatNumber('0.82', 'list_price_116269');                </script>                        <meta itemprop="priceCurrency" content="EUR">            <div class="unit_container">                                    <a class="substract_button" title="Menos" href="javascript:void(0);">-</a>                                <label class="quantity_container">                                                                        <input class="input_quantity_product" id="item_quantity_116269" type="number" data-product="116269" value="" min="1" max="999" required="" autocomplete="off">                                                            </label>                                    <a class="add_button" title="Más" href="javascript:void(0);">+</a>                    <a class="added_tick" title="Cambiar unidades" href="javascript:void(0);"></a>                            </div>                                                <div class="article_pum">                        <span>      6,83€/Kilo</span>                    </div>                                                                            <a data-product-id="116269" class="orange_button btn_add2cart" title="Añadir al carrito" onclick="dataLayer.push({event: 'event_gtm',category:'acciones usuario', action:'a�adir producto desde listado'})" href="javascript:addToCartFromItemList('116269')">AÑADIR AL CARRITO &gt;</a>                                        <span class="added_button">En carrito</span>                                    <a class="white_button" title="Añadir a mi lista" href="javascript:addToListFromItemList('116269')" onclick="dataLayer.push({event: 'event_gtm',category:'acciones usuario', action:'a�adir producto a lista'});">Añadir a mi lista</a>                                </div>                    <a class="article_link" title="Ver ficha de CALDO CONDIS DESHIDRATADO PESCADO 12 PASTILLAS" href="/CALDO-CONDIS-DESHIDRATADO-PESCADO-12-PASTILLAS_116269_prd_es_ES.jsp" onclick="javascript:callingTaggingEnpoints('')" itemprop="url"></a>                <div class="hover_container">            <div class="hover">                <div class="info_symbol"></div>            </div>        </div>                    </article>            </li>                    <li class="article" itemprop="itemListElement" itemscope="" itemtype="http://schema.org/Product">                    <article class="article_container" id="item_description_116213">            <a class="article_name" title="Ver ficha de CALDO AVECREM POLLO BAJO EN SAL 10 PASTILLAS" href="/CALDO-AVECREM-POLLO-BAJO-EN-SAL-10-PASTILLAS_116213_prd_es_ES.jsp" itemprop="url"><span itemprop="name" id="description_text">CALDO AVECREM POLLO BAJO EN SAL 10 PASTILLAS</span></a>            <!--informacion de gluten y calorias -->        <div class="info_container">                            <span class="calories">254 <span>kcal</span></span>                <a class="info" title="Producto con 254 kilocalorías" href="javascript:void(0);">                    <span class="info_text">Producto con 254 kilocalorías.</span>                </a>                                                            <img class="info_icon" alt="10% Descuento para suscriptores Condisline Prime" src="//static.condisline.com/resize_39x39/images/product_icons/icon_subscription.png" width="39" height="39">                                            <a class="info" title="10% Descuento para suscriptores Condisline Prime" href="javascript:void(0);">                            <span class="info_text">10% Descuento para suscriptores Condisline Prime</span>                        </a>                                                        </div>        <img class="article_image" alt="CALDO AVECREM POLLO BAJO EN SAL 10 PASTILLAS" data-original="//static.condisline.com/resize_190x200/images/catalog/large/116213.jpg" src="//static.condisline.com/resize_190x200/images/catalog/large/116213.jpg" width="190" height="200" style="display: block;">        <meta itemprop="image" content="//static.condisline.com/resize_190x200/images/catalog/large/116213.jpg">        <div class="article_price_container" itemprop="offers" itemscope="" itemtype="http://schema.org/Offer">            <!-- Price -->                                            <span class="article_price" itemprop="price"><span id="list_price_116213">1,65</span></span>                <span class="currency">€</span>                <script>                    formatNumber('1.65', 'list_price_116213');                </script>                        <meta itemprop="priceCurrency" content="EUR">            <div class="unit_container">                                    <a class="substract_button" title="Menos" href="javascript:void(0);">-</a>                                <label class="quantity_container">                                                                        <input class="input_quantity_product" id="item_quantity_116213" type="number" data-product="116213" value="" min="1" max="999" required="" autocomplete="off">                                                            </label>                                    <a class="add_button" title="Más" href="javascript:void(0);">+</a>                    <a class="added_tick" title="Cambiar unidades" href="javascript:void(0);"></a>                            </div>                                                <div class="article_pum">                        <span>     17,37€/Kilo</span>                    </div>                                                                            <a data-product-id="116213" class="orange_button btn_add2cart" title="Añadir al carrito" onclick="dataLayer.push({event: 'event_gtm',category:'acciones usuario', action:'a�adir producto desde listado'})" href="javascript:addToCartFromItemList('116213')">AÑADIR AL CARRITO &gt;</a>                                        <span class="added_button">En carrito</span>                                    <a class="white_button" title="Añadir a mi lista" href="javascript:addToListFromItemList('116213')" onclick="dataLayer.push({event: 'event_gtm',category:'acciones usuario', action:'a�adir producto a lista'});">Añadir a mi lista</a>                                </div>                    <a class="article_link" title="Ver ficha de CALDO AVECREM POLLO BAJO EN SAL 10 PASTILLAS" href="/CALDO-AVECREM-POLLO-BAJO-EN-SAL-10-PASTILLAS_116213_prd_es_ES.jsp" onclick="javascript:callingTaggingEnpoints('')" itemprop="url"></a>                <div class="hover_container">            <div class="hover">                <div class="info_symbol"></div>            </div>        </div>                    </article>            </li>                    <li class="article" itemprop="itemListElement" itemscope="" itemtype="http://schema.org/Product">                    <article class="article_container" id="item_description_110270">            <a class="article_name" title="Ver ficha de CALDO GALLINA BLANCA PAELLA PACK 2 UNIDADES" href="/CALDO-GALLINA-BLANCA-PAELLA-PACK-2-UNIDADES_110270_prd_es_ES.jsp" itemprop="url"><span itemprop="name" id="description_text">CALDO GALLINA BLANCA PAELLA PACK 2 UNIDADES</span></a>            <!--informacion de gluten y calorias -->        <div class="info_container">                            <span class="calories">13 <span>kcal</span></span>                <a class="info" title="Producto con 13 kilocalorías" href="javascript:void(0);">                    <span class="info_text">Producto con 13 kilocalorías.</span>                </a>                                                            <img class="info_icon" alt="10% Descuento para suscriptores Condisline Prime" src="//static.condisline.com/resize_39x39/images/product_icons/icon_subscription.png" width="39" height="39">                                            <a class="info" title="10% Descuento para suscriptores Condisline Prime" href="javascript:void(0);">                            <span class="info_text">10% Descuento para suscriptores Condisline Prime</span>                        </a>                                                        </div>        <img class="article_image" alt="CALDO GALLINA BLANCA PAELLA PACK 2 UNIDADES" data-original="//static.condisline.com/resize_190x200/images/catalog/large/110270.jpg" src="//static.condisline.com/resize_190x200/images/catalog/large/110270.jpg" width="190" height="200" style="display: block;">        <meta itemprop="image" content="//static.condisline.com/resize_190x200/images/catalog/large/110270.jpg">        <div class="article_price_container" itemprop="offers" itemscope="" itemtype="http://schema.org/Offer">            <!-- Price -->                                            <span class="article_price" itemprop="price"><span id="list_price_110270">6,49</span></span>                <span class="currency">€</span>                <script>                    formatNumber('6.49', 'list_price_110270');                </script>                        <meta itemprop="priceCurrency" content="EUR">            <div class="unit_container">                                    <a class="substract_button" title="Menos" href="javascript:void(0);">-</a>                                <label class="quantity_container">                                                                        <input class="input_quantity_product" id="item_quantity_110270" type="number" data-product="110270" value="" min="1" max="999" required="" autocomplete="off">                                                            </label>                                    <a class="add_button" title="Más" href="javascript:void(0);">+</a>                    <a class="added_tick" title="Cambiar unidades" href="javascript:void(0);"></a>                            </div>                                                <div class="article_pum">                        <span>      3,25€/Litro</span>                    </div>                                                                            <a data-product-id="110270" class="orange_button btn_add2cart" title="Añadir al carrito" onclick="dataLayer.push({event: 'event_gtm',category:'acciones usuario', action:'a�adir producto desde listado'})" href="javascript:addToCartFromItemList('110270')">AÑADIR AL CARRITO &gt;</a>                                        <span class="added_button">En carrito</span>                                    <a class="white_button" title="Añadir a mi lista" href="javascript:addToListFromItemList('110270')" onclick="dataLayer.push({event: 'event_gtm',category:'acciones usuario', action:'a�adir producto a lista'});">Añadir a mi lista</a>                                </div>                    <a class="article_link" title="Ver ficha de CALDO GALLINA BLANCA PAELLA PACK 2 UNIDADES" href="/CALDO-GALLINA-BLANCA-PAELLA-PACK-2-UNIDADES_110270_prd_es_ES.jsp" onclick="javascript:callingTaggingEnpoints('')" itemprop="url"></a>                <div class="hover_container">            <div class="hover">                <div class="info_symbol"></div>            </div>        </div>                    </article>            </li>                    <li class="article" itemprop="itemListElement" itemscope="" itemtype="http://schema.org/Product">                    <article class="article_container" id="item_description_116375">            <a class="article_name" title="Ver ficha de CALDO NATURAL ANETO POLLO ASADO 1 L" href="/CALDO-NATURAL-ANETO-POLLO-ASADO-1-L_116375_prd_es_ES.jsp" itemprop="url"><span itemprop="name" id="description_text">CALDO NATURAL ANETO POLLO ASADO 1 L</span></a>            <!--informacion de gluten y calorias -->        <div class="info_container">                            <span class="calories">12 <span>kcal</span></span>                <a class="info" title="Producto con 12 kilocalorías" href="javascript:void(0);">                    <span class="info_text">Producto con 12 kilocalorías.</span>                </a>                                                            <img class="info_icon" alt="10% Descuento para suscriptores Condisline Prime" src="//static.condisline.com/resize_39x39/images/product_icons/icon_subscription.png" width="39" height="39">                                            <a class="info" title="10% Descuento para suscriptores Condisline Prime" href="javascript:void(0);">                            <span class="info_text">10% Descuento para suscriptores Condisline Prime</span>                        </a>                                                        </div>        <img class="article_image" alt="CALDO NATURAL ANETO POLLO ASADO 1 L" data-original="//static.condisline.com/resize_190x200/images/catalog/large/116375.jpg" src="//static.condisline.com/resize_190x200/images/catalog/large/116375.jpg" width="190" height="200" style="display: block;">        <meta itemprop="image" content="//static.condisline.com/resize_190x200/images/catalog/large/116375.jpg">        <div class="article_price_container" itemprop="offers" itemscope="" itemtype="http://schema.org/Offer">            <!-- Price -->                                            <span class="article_price" itemprop="price"><span id="list_price_116375">4,50</span></span>                <span class="currency">€</span>                <script>                    formatNumber('4.5', 'list_price_116375');                </script>                        <meta itemprop="priceCurrency" content="EUR">            <div class="unit_container">                                    <a class="substract_button" title="Menos" href="javascript:void(0);">-</a>                                <label class="quantity_container">                                                                        <input class="input_quantity_product" id="item_quantity_116375" type="number" data-product="116375" value="" min="1" max="999" required="" autocomplete="off">                                                            </label>                                    <a class="add_button" title="Más" href="javascript:void(0);">+</a>                    <a class="added_tick" title="Cambiar unidades" href="javascript:void(0);"></a>                            </div>                                                <div class="article_pum">                        <span>      4,50€/Litro</span>                    </div>                                                                            <a data-product-id="116375" class="orange_button btn_add2cart" title="Añadir al carrito" onclick="dataLayer.push({event: 'event_gtm',category:'acciones usuario', action:'a�adir producto desde listado'})" href="javascript:addToCartFromItemList('116375')">AÑADIR AL CARRITO &gt;</a>                                        <span class="added_button">En carrito</span>                                    <a class="white_button" title="Añadir a mi lista" href="javascript:addToListFromItemList('116375')" onclick="dataLayer.push({event: 'event_gtm',category:'acciones usuario', action:'a�adir producto a lista'});">Añadir a mi lista</a>                                </div>                    <a class="article_link" title="Ver ficha de CALDO NATURAL ANETO POLLO ASADO 1 L" href="/CALDO-NATURAL-ANETO-POLLO-ASADO-1-L_116375_prd_es_ES.jsp" onclick="javascript:callingTaggingEnpoints('')" itemprop="url"></a>                <div class="hover_container">            <div class="hover">                <div class="info_symbol"></div>            </div>        </div>                    </article>            </li>        <!--    </ul> --></ul>


<div id="selectorShoppingListSection" style="display:none;"></div>


        </div>
    </section>

</div>

            
        </main>

        <script>
document.addEventListener('DOMContentLoaded', function() {
    document.getElementById('cb_est').checked = getCookie('ST_AUTH') === 'True';
    document.getElementById('cd_rrss').checked = getCookie('SN_AUTH') === 'True';
});
</script>

<div id="cookies_policy_bg" class="cookies_bg_glass" style="display: block; background: rgba(0, 0, 0, 0.5);">

    <div id="cookies_policy_dialog" class="cookies_dialog_bg">

        <div id="content_container" class="cookies_dialog_body">

            <div id="cookies_policy_text" class="cookies_text">
                Esta página web utiliza cookies propias y de terceros para fines técnicos, analíticos y de redes sociales. Tienes la opción de seleccionar "aceptar todas", "rechazar todas" o "configurar". Para obtener más información al respecto, puedes consultar nuestra
                <a id="cookies_policy_btn" class="cookies_link" title="Política de cookies" href="/cookies">
                    Política de cookies
                </a>
                .
            </div>
            <div class="cookies_buttons">
                <a class="cookies_button right" title="Rechazar todas" href="javascript:rejectCookies();">Rechazar todas</a>
                <a class="cookies_button right" title="Configurar" href="javascript:showSocialCookies();">Configurar</a>
                <a class="cookies_button right" title="Aceptar todas" href="javascript:acceptCookies();">Aceptar todas</a>
            </div>
        </div>

    </div>

</div>

<div id="cookies_social_config" class="cookies_modal">

    <div class="cookies_modal-content">

        <div class="cookies_modal-header">
            Configuración de Cookies
        </div>

        <div class="cookies_modal-body">
            <br>
            <div class="cookies_text">
                Puedes configurar tus preferencias, en cualquier momento, respecto a la utilización de Cookies. Para obtener más información al respecto, puedes consultar nuestra
                <a id="cookies_policy_btn" class="cookies_link" title="Política de cookies" href="/cookies">
                    Política de cookies
                </a>
            </div>
            <br>

            <input type="checkbox" id="cb_tec" disabled="disabled" checked="checked">
            <label class="cookies_modal_label" for="cb_tec"> Cookies Técnicas </label>
            <div class="cookies_modal_definition">
                Son aquéllas que resultan necesarias para el funcionamiento básico del sitio web y, por lo tanto, están siempre activas.
            </div>
            <br>

            <input type="checkbox" id="cb_est">
            <label class="cookies_modal_label" for="cb_est"> Cookies Análisis Estadístico</label>
            <div class="cookies_modal_definition">
                Son aquéllas que permiten realizar el seguimiento y análisis del comportamiento de los usuarios en los sitios Web.
            </div>
            <br>

            <input type="checkbox" id="cd_rrss" value="cookie-social_network">
            <label class="cookies_modal_label" for="cd_rrss"> Cookies Redes Sociales Externas</label>
            <div class="cookies_modal_definition">
                Son aquéllas que permiten que los usuarios puedan interactuar con el contenido de terceras plataformas sociales.
            </div>
            <br>

            <br>
        </div>

        <div class="cookies_modal-footer">
            <a class="cookies_back" id="cookies_modal-back" href="javascript:closeCookiesModal()" title="Volver">Volver</a>
            <a class="cookies_button" title="Guardar y continuar" href="javascript:acceptExtendedCookies();">Guardar y continuar</a>
        </div>

    </div>
</div>

<script type="text/javascript">
    checkCookiesPolicy();
</script>

<!-- Popup cargando -->
<aside id="loading" class="popup_background">
    <div class="popup_container narrow">
        <div class="popup">
            <img class="loading" title="Cargando..." src="//static.condisline.com/static-app/j2_233f/images/loading.gif" width="64" height="64">
            <p class="loading_text">Cargando...</p>
        </div>
    </div>
</aside>

<!-- Popup seleccionar / crear lista -->
<aside id="add_list_popup" class="popup_background">

</aside>

<aside id="not_in_stock_popup" class="popup_background">
</aside>

<!-- Popup login -->
<aside id="login_popup" class="popup_background">
    <div class="popup_container narrow">
        <div class="popup">
            <div class="popup_content">
                <a class="close_button" title="Cerrar popup" href="javascript:void(0);"></a>
                <div class="login_container">
                    <div class="left_container">
                        <p class="left_title">¿Es tu<span class="line"><span class="number">1<sup>a</sup></span> <span class="list">lista</span> <span class="letters">en</span></span> <img class="image" alt="Logotipo de Condisline" src="//static.condisline.com/static-app/j2_233f/images/logo-condisline.png"><span class="question">?</span></p>
                        <p class="left_text">Crea tu cuenta y haz tu compra desde el sofá de casa ¡Muy fácil!</p>
                        <div class="button_container">
                            <a class="orange_button" title="Crear cuenta" href="javascript:showRegisterUserFromLogin()">Crear cuenta</a>
                        </div>
                    </div>
                    <div class="right_container">
                        <p class="right_title">¿YA HAS REALIZADO OTRAS LISTAS CON NOSOTROS?</p>
                        <form id="login_form_popup" class="login_content" method="post" action="" autocomplete="off">
                            <label class="row">Usuario
                                <input id="user_form_popup" type="text" autocomplete="off">
                            </label>
                            <label class="row">Contraseña
                                <input id="password_form_popup" type="password" autocomplete="off">
                                <span id="msg_login_fail_list" style="display: none;" class="error_message"></span>
                            </label>
                            <a class="forget_link" title="�Has olvidado tu contrase�a?" href="javascript:irResetPassword();">¿Has olvidado tu contraseña?</a>
                            <div class="button_container">
                                <a class="access_button" title="Acceder" href="javascript:initLoginForMyList();">ACCEDER &gt;</a>
                            </div>
                        </form>
                    </div>
                </div>
            </div>
        </div>
    </div>
</aside>



<!-- Popup Cambios no persistentes en la lista hasta que no se graben -->
<aside id="no_persist_change_in_list_popup" class="popup_background">
    <div class="popup_container popup_list">
        <div class="popup">
            <div class="popup_content">
                <a class="close_button" title="Cerrar popup" href="javascript:closePopUpList();"></a>
                <p class="popup_list_title remember">Recuerda que al modificar tu lista<br> deberás guardar los cambios haciendo clic en<br> botón de la parte superior de la página</p>
                <div class="popup_list_button">
                    <a class="orange_button" title="ACEPTAR" href="javascript:hideNoPersistChangeInList();">ACEPTAR &gt;</a>
                </div>
            </div>
        </div>
    </div>
</aside>

<!-- Popup eliminar producto del carrito -->
<aside id="delete_product_popup" class="popup_background delete_product_popup">
    <div class="popup_container">
        <div class="popup">
            <div class="popup_content">
                <div class="delete_background"></div>
                <p class="delete_text">¿Estás seguro de que deseas eliminar el producto "<span id="delete_name"></span>" de tu carrito?</p>
                <div class="delete_buttons">
                    <a id="delete_product" class="white_button" title="Eliminarlo del carrito" href="javascript:confirmDeleteItemForCart();" onclick="dataLayer.push({event: 'event_gtm', category:'acciones usuario', action:'eliminar producto del carrito'});">Eliminarlo del carrito</a>
                    <a id="dont_delete" class="orange_button" title="Mantenerlo en carrito" href="javascript:void(0);" onclick="dataLayer.push({event:'event_gtm', category:'acciones usuario', action:'mantener producto en carrito'});">Mantenerlo en carrito</a>
                     <input type="hidden" id="productIdToDelete">
                </div>
            </div>
        </div>
    </div>
</aside>

<!-- Popup Cambios en la lista guardados -->
<aside id="saved_change_popup" class="popup_background">
    <div class="popup_container popup_list">
        <div class="popup">
            <div class="popup_content">
                <a class="close_button" title="Cerrar popup" href="javascript:closePopUpList();"></a>
                <p class="popup_list_title saved">Tu lista se ha guardado correctamente</p>
                <div class="popup_list_button">
                    <a class="orange_button" title="Aceptar" href="javascript:hideSavedChange();">ACEPTAR &gt;</a>
                </div>
            </div>
        </div>
    </div>
</aside>

<!-- Popup confirmaci�n eliminar producto de lista -->
<aside id="delete_list_product_popup" class="popup_background">
    <div class="popup_container narrow">
        <div class="popup">
            <div class="popup_content">
                <a class="close_button" title="Cerrar popup" href="javascript:void(0);"></a>
                <p class="delete_list_product_text">¿Seguro que deseas eliminar el producto? <span id="article_name"></span></p>
                <div class="buttons_container">
                    <a class="cancel_button" title="Cancelar" href="javascript:void(0);">Cancelar</a>
                    <a class="accept_button" title="ACEPTAR" href="#">ACEPTAR</a>
                </div>
            </div>
        </div>
    </div>
</aside>

<!-- Producto a�adido a la lista con �xito -->
<aside id="added_list_popup" class="popup_background">
    <div class="popup_container popup_list">
        <div class="popup">
            <div class="popup_content">
                <a class="close_button" title="Cerrar popup" href="javascript:void(0);"></a>
                <p class="popup_list_title saved">El producto <span id="product_in_list" class="product">"CEREALES CONDIS HAPPY CHOC 375 GRS"</span> se ha añadido correctamente a la lista <span id="list_description" class="list">"Cumplea�os Mam�"</span></p>
                <div class="popup_list_button">
                    <a class="orange_button" title="Aceptar" href="javascript:void(0);">ACEPTAR &gt;</a>
                </div>
            </div>
        </div>
    </div>
</aside>

<!-- Popup gen�rico -->
<aside id="generic_popup" class="popup_background">
    <div class="popup_container popup_list">
        <div class="popup">
            <div class="popup_content">
                <a class="close_button" title="Cerrar popup" href="javascript:void(0);"></a>
                <p class="generic_popup_title"></p>
                <p class="generic_popup_text"></p>

                <div class="popup_list_button">
                    <a class="orange_button" title="ACEPTAR" href="javascript:void(0);">ACEPTAR &gt;</a>
                </div>
            </div>
        </div>
    </div>
</aside>

<!-- Popup opcional -->
<aside id="generic_choice_popup" class="popup_background">
    <div class="popup_container popup_list">
        <div class="popup">
            <div class="popup_content">
                <a class="close_button" title="Cerrar popup" href="javascript:void(0);"></a>
                <p class="generic_popup_title"></p>
                <p class="generic_popup_text"></p>

                <div class="popup_list_button">
                    <a class="orange_button secundary_button" style="background-color:#e6e6e2" title="Cancelar" href="#">Cancelar &gt;</a>
                    <a class="orange_button primary_button" title="GUARDAR" href="#">GUARDAR &gt;</a>
                </div>
            </div>
        </div>
    </div>
</aside>

<!-- Popup disponibilidad -->
<aside id="disponibility_popup" class="popup_background">
</aside>

<!-- Popup a�adir producto a lista desde carrito -->
<aside id="all_list_popup" class="popup_background">
    <div class="popup_container popup_list">
        <div class="popup">
            <div class="popup_content">
                <a class="close_button" title="Cerrar popup" href="javascript:void(0);"></a>
                <p class="popup_list_title saved">Se han añadido todos los<br> productos de tu carrito a la lista:<br> <span class="list" id="listName"></span></p>
                <div class="popup_list_button">
                    <a class="orange_button" title="ACEPTAR" href="javascript:void(0);">ACEPTAR &gt;</a>
                </div>
            </div>
        </div>
    </div>
</aside>

<aside id="legal_popup" class="popup_background">
</aside>

<aside id="delivery_popup" class="popup_background">
</aside>

<aside id="schedule_popup" class="popup_background">
</aside>




<!-- login popups -->

<aside id="alert_login_no_mail_popup" class="popup_background" style="display:none">
   <div class="popup_container narrow">
    <div class="popup">
        <div class="popup_content">
            <p class="new_username_text">Hola <span id="user_name"></span>,<br> a partir de ahora, para acceder al nuevo Condisline, tu nombre de usuario será tu e-mail: <span id="user_mail"></span></p>
            <div class="button_container new_username">
                <a id="new_confirm_email" class="orange_button" title="Confirmar este e-mail" href="javascript:changeLoginForMail();">CONFIRMAR ESTE E-MAIL &gt;</a>
                <a id="new_modify_email" class="change_email" title="Modificar este e-mail" href="javascript:updateMailFromLogin();">Modificar este e-mail</a>
            </div>
        </div>
    </div>
   </div>
</aside>

<aside id="alert_select_region_popup" class="popup_background" style="display:none">
   <div class="popup_container narrow">
    <div class="popup">
        <div class="popup_content">
            <a class="close_button" title="Cerrar popup" href="javascript:selectRegion('SVC', 'SVM');"></a>
            <p class="new_username_text" style="color:#e66b5b;font-weight:bold;">Selecciona tu zona para adecuar el surtido y darte una mejor experiencia</p>
            <div style="width:46%;margin:10px; float:left;">
                <p class="new_username_text select_region_text" style="background-color: #3C67A5; color:#fff;cursor:pointer;" onclick="selectRegion('SVC', 'SVM');">Catalunya</p>

            </div>
            <div style="width:46%;margin: 10px; clear: left; float:left;">
                <p class="new_username_text select_region_text" style="background-color: #3C67A5; color:#fff; cursor:pointer;" onclick="window.location='https://www.condisline.ad';">Andorra</p>
            </div>

            <!--<select style="    display: block;
    float: left;
    margin-top: 15px;
    margin-left:190px;
    border: 1px solid #D6D6C5;
    -webkit-border-radius: 5px;
    -moz-border-radius: 5px;
    border-radius: 5px;
    color: #706F6F;
    font-size: 100%;
    line-height: 20px;
    padding: 6px 10px;
    width: 200px;
    height: 34px;
    -webkit-box-sizing: border-box;
    -moz-box-sizing: border-box;
    box-sizing: border-box;" onchange="ahoraSelect()" id="capri">
            <option style="font-weight: normal;    display: block;    white-space: pre;    min-height: 1.2em;" disabled selected>Zonas...</option>
            <option style="font-weight: normal;    display: block;    white-space: pre;    min-height: 1.2em;" onclick="selectRegion('SVC', 'SVM');"> Catalunya</option>
            </select>-->
            <p class="new_username_text"></p>
            <div class="button_container new_username">
            <!--    <a id="new_confirm_email" class="orange_button" title="Confirmar este e-mail" href="javascript:changeLoginForMail();">CONFIRMAR ESTE E-MAIL &gt;</a>
                <a id="new_modify_email" class="change_email" title="Modificar este e-mail" href="javascript:updateMailFromLogin();">Modificar este e-mail</a>-->
            </div>
        </div>
    </div>
   </div>
</aside>

<aside id="alert_login_no_contract_agreement_popup" class="popup_background" style="display:none">
   <div class="popup_container narrow">
    <div class="popup">
        <div class="popup_content">
            <p class="gdpr_text" style="font-family: 'Font2';">Queremos continuar informándote de las últimas novedades de nuestros productos, servicios y promociones, <b>pero queremos que tú decidas qué recibir y cómo.</b> </p>
            <div id="content_dni">
            <p class="gdpr_text" style="font-family: 'Font2';">Para ello, primero necesitamos que cumplimentes el siguiente campo al objeto de poder identificarte correctamente: </p>
            <input id="dni" type="text" style="margin-left: 200px;text-align:center;margin-top:20px; " placeholder="DNI/NIF"> <span style="color:red">*</span> &nbsp;<span id="msg_dni_fail" style="display:none;color:red;" class="error_message"> El dni introducido no es válido</span><span id="msg_dni_duplicado" style="display:none;color:red;" class="error_message"> DNI duplicado</span>
            </div>
            <div style="width=80%; color:#3C67A5;margin-top:20px;font-family: 'Font2'; ">
                <div style="width:100%; padding: 0 15px;font-family: 'Font2';">
                    Por favor, confírmanos tu consentimiento para las siguientes finalidades:
                </div>
                <div style="padding-left: 50px; font-family: 'Font2';width:100%; display:none" id="content_gdpr">
                    <label style="line-height: 20px;font-family: 'Font2';"><input id="gdpr_check" style="width: 20px;height: 20px;" type="checkbox" value="true">&nbsp;He leido las <a href="#">condiciones</a> <span style="color:red">*</span></label><br>
                </div>

                <div style="padding:0 10px 0 50px; margin-top:10px;font-family: 'Font2';">
                    <label style="line-height: 20px;font-family: 'Font2';"><input id="publi_check" style="width: 20px;height: 20px;" type="checkbox">&nbsp;Acepto recibir información comercial sobre Condis, de cualquier índole, incluyendo encuestas de satisfacción, y específicamente sobre futuras acciones comerciales así como promociones exclusivas a través de e-mail, sms y/o notificaciones push en tu dispositivo.</label>
                </div>
                <div id="publi_sgm" style="padding-left: 100px; display:none;font-family: 'Font2';">
                    <label style="line-height: 20px;"><input id="flagMail" style="width: 20px;height: 20px;" type="checkbox">&nbsp;Vía Email para seguir recibiendo nuestras newsletter<span style="color:blue">*</span></label><br>
                    <label style="line-height: 20px;"><input id="flagSMS" style="width: 20px;height: 20px;" type="checkbox">&nbsp;Vía SMS</label><br>
                    <label style="line-height: 20px;"><input id="flagPush" style="width: 20px;height: 20px;" type="checkbox">&nbsp;Vía notificaciones push en mi dispositivo para futuras actualizaciones</label>
                </div>
                <div style="padding:0 10px 0 50px; margin-top:10px;font-family: 'Font2';">
                    <label style="line-height:20px;font-family: 'Font2';"><input id="profile_check" style="width: 20px;height: 20px;" type="checkbox">&nbsp;Acepto que Condis evalúe mi perfil con información de fuentes externas para ofrecerme servicios y productos más ajustados a mis necesidades y preferencias.</label><br>
                </div>
                <div style="padding:0 10px 0 50px; margin-top:10px;font-family: 'Font2';">
                    <label style="line-height:20px;font-family: 'Font2';"><input id="healthy_check" style="width: 20px;height: 20px;" type="checkbox">&nbsp;Acepto que Condis evalúe mi perfil con información de fuentes externas para ofrecerme servicios y productos más ajustados a mis necesidades y preferencias.</label><br>
                </div>
                <div class="button_container">
                    <a class="orange_button" id="confirmGDPR" title="Aceptar" href="javascript:contractAgreement(function(){console.log('callback')}, null);">Aceptar &gt;</a>
                </div>
                <p style="padding:20px; width:92%;margin-top:55px;text-align:justify; font-size:12px">De conformidad con el Reglamento Europeo 2016/679 General de Protección de Datos, así como en cualquier ley nacional que sea de aplicación, te informamos que tus datos personales serán tratados por CONDIS SUPERMERCATS, S.A., como responsable del tratamiento, para las finalidades principales del servicio contratado y para las antes indicadas en caso que así lo hayas consentido. Comunicarte que no se cederán datos a terceros salvo que exista una obligación legal. Puedes revocar tus consentimientos en cualquier momento, así como ejercer tus derechos. Para más información al respecto, consulta nuestra <a href="/police/privacy#content_body" target="_blank">Política de Privacidad</a></p>
            </div>
        </div>
    </div>
   </div>
</aside>


<aside id="form_update_mail_popup" class="popup_background" style="display:none">
    <div class="popup_container tariff">
        <div class="popup">
            <div class="popup_content">
                <form class="identification_content" method="post" action="" autocomplete="off">
                    <label class="row">E-mail <span class="detail">(Ten en cuenta que será tu usuario de acceso a Condisline)</span> <sup>*</sup>
                        <input id="email_user" type="text" autocomplete="off">
                    </label>
                    <label class="row">Repetir e-mail
                        <input id="email_rep_user" type="text" autocomplete="off">
                        <span id="msg_mail_match_fail" style="display:none" class="error_message"> Los campos no coinciden</span>
                    </label>
                </form>
                <div class="delete_buttons">
                    <a id="new_change_email_popup_later" class="white_button" title="Recordar más tarde" href="javascript:recordarMasTarde();">Recordar más tarde</a>
                    <a id="new_change_email_popup_send" class="orange_button" title="ACEPTAR" href="javascript:changeMailBeforeChangeLogin();">ACEPTAR</a>
                </div>
            </div>
        </div>
    </div>
</aside>

<aside id="alert_maillogin_in_use_popup" class="popup_background" style="display:none">
    <div class="popup_container tariff">
        <div class="popup">
            <div class="popup_content">
                <p class="delete_text"><br><br>El correo <span id="user_mail"></span>, ya está en uso.<br> ¿Desea elegir otro o recordármelo más tarde?<br><br></p>
                <div class="delete_buttons">
                    <a id="new_change_email_popup_later" class="white_button" title="Recordar más tarde" href="javascript:recordarMasTarde();">Recordar más tarde</a>
                    <a id="new_change_email_popup_next" class="orange_button" title="Elegir otro" href="javascript:elegirOtro();">Elegir otro</a>
                </div>
            </div>
        </div>
    </div>
 </aside>

<aside id="success_maillogin_update_popup" class="popup_background" style="display:none">
    <div class="popup_container narrow">
        <div class="popup">
            <div class="popup_content">
                <p class="warning_old_login">Enhorabuena, a patir de ahora tu login para acceder a la aplicacion es  <span id="user_mail"></span>.</p>
                <div class="button_container new_username">
                    <a id="new_confirm_email" style="margin-bottom:20px;" class="orange_button" title="ACEPTAR" href="javascript:endUpdateLogin();">ACEPTAR &gt;</a>
                </div>
            </div>
        </div>
    </div>
</aside>



<!-- checkout login popups -->

<aside id="alert_login_no_mail_popup_checkout" class="popup_background" style="display:none">
   <div class="popup_container narrow">
    <div class="popup">
        <div class="popup_content">
            <p class="new_username_text">Hola <span id="user_name"></span>,<br> a partir de ahora, para acceder al nuevo Condisline, tu nombre de usuario será tu e-mail: <span id="user_mail"></span></p>
            <div class="button_container new_username">
                <a id="new_confirm_email" class="orange_button" title="Confirmar este e-mail" href="javascript:changeLoginForMailCheckout();">CONFIRMAR ESTE E-MAIL &gt;</a>
                <a id="new_modify_email" class="change_email" title="Modificar este e-mail" href="javascript:updateMailFromLoginCheckout();">Modificar este e-mail</a>
            </div>
        </div>
    </div>
   </div>
</aside>

<aside id="form_update_mail_popup_checkout" class="popup_background" style="display:none">
    <div class="popup_container tariff">
        <div class="popup">
            <div class="popup_content">
                <form class="identification_content" method="post" action="" autocomplete="off">
                    <!--<p class="delete_text">Indica tu nuevo e-mail:</p>-->
                    <label class="row">
                        E-mail <span class="detail">(Ten en cuenta que será tu usuario de acceso a Condisline)</span> <sup>*</sup>
                        <input id="email_user" type="text" autocomplete="off">
                    </label>
                    <label class="row">
                        <!--Repite tu e-mail*-->
                        Repetir e-mail
                        <input id="email_rep_user" type="text" autocomplete="off">
                        <span id="msg_mail_match_fail" style="display:none" class="error_message"> Los campos no coinciden</span>
                    </label>
                </form>
                <div class="delete_buttons">
                    <a id="new_change_email_popup_later" class="white_button" title="Recordar más tarde" href="javascript:recordarMasTarde();">Recordar más tarde</a>
                    <a id="new_change_email_popup_send" class="orange_button" title="ACEPTAR" href="javascript:changeMailBeforeChangeLoginCheckout();">ACEPTAR</a>
                </div>
            </div>
        </div>
    </div>
</aside>

<aside id="alert_maillogin_in_use_popup_checkout" class="popup_background" style="display:none">
    <div class="popup_container tariff">
        <div class="popup">
            <div class="popup_content">
                <p class="delete_text"><br><br>El correo <span id="user_mail"></span>, ya está en uso.<br> ¿Desea elegir otro o recordármelo más tarde?<br><br></p>
                <div class="delete_buttons">
                    <a id="new_change_email_popup_later" class="white_button" title="Recordar más tarde" href="javascript:recordarMasTardeCheckout();">Recordar más tarde</a>
                    <a id="new_change_email_popup_next" class="orange_button" title="Elegir otro" href="javascript:updateMailFromLoginCheckout();">Elegir otro</a>
                </div>
            </div>
        </div>
    </div>
 </aside>

<aside id="success_maillogin_update_popup_checkout" class="popup_background" style="display:none">
    <div class="popup_container narrow">
        <div class="popup">
            <div class="popup_content">
                <p class="warning_old_login">Enhorabuena, a patir de ahora tu login para acceder a la aplicacion es  <span id="user_mail"></span>.</p>
                <div class="button_container new_username">
                    <a id="new_confirm_email" style="margin-bottom:20px;" class="orange_button" title="ACEPTAR" href="javascript:endUpdateLoginCheckout();">ACEPTAR &gt;</a>
                </div>
            </div>
        </div>
    </div>
</aside>












<!-- login por mail area privada -->

<aside id="alert_mail_as_login_popup" class="popup_background" style="display:none">
   <div class="popup_container narrow">
    <div class="popup">
        <div class="popup_content">
            <p class="new_username_text">Hola <span id="user_name"></span>,<br> a partir de ahora, para acceder al nuevo Condisline, tu nombre de usuario será tu e-mail: <span id="user_mail"></span></p>
            <div class="button_container new_username">
                <a id="new_confirm_email" style="margin-bottom:20px;" class="orange_button" title="Confirmar este e-mail" href="javascript:updateUserBasisDataProccessor();">CONFIRMAR ESTE E-MAIL &gt;</a>
            </div>
        </div>
    </div>
   </div>
</aside>


<aside id="alert_maillogin_in_use_pa_popup" class="popup_background" style="display:none">
   <div class="popup_container narrow">
        <div class="popup">
            <div class="popup_content">
                <p class="new_username_text">El login <span id="user_mail_no_valid"></span>,<br> ya esta en uso </p>
                <div class="button_container new_username">
                    <a id="new_confirm_email" style="margin-bottom:20px;" class="orange_button" title="ACEPTAR" href="javascript:hideAlertMainInUserPrivateArea();">ACEPTAR &gt;</a>
                </div>
            </div>
        </div>
   </div>
</aside>

<aside id="delivery_times_popup" class="popup_background" style="display:none;">
    <div class="popup_container">
        <div class="popup">
            <div class="popup_content">
                <a class="close_button" title="Cerrar popup" href="javascript:void(0);"></a>

                <script>
                    var linkElement = document.createElement("link");
                    linkElement.rel = "stylesheet";
                    linkElement.href = "//static.condisline.com/static-app/j2_233f/styles/purchasing-process-step-1.css";

                    document.head.appendChild(linkElement);
                </script>

                <!-- calendario de las fechas de entrega -->
                <p class="postalcode_title" style="padding: 20px 0 0 20px;">C.P.: <span id="delivery_postalcode"></span></p>

                <style>
                    #layer_delivery_time_slot_popup #deliveryTitleText {
                        display: none;
                    }

                    #layer_delivery_time_slot_popup {
                        padding: 0px 20px;
                        margin: 0 auto;
                    }

                    #layer_delivery_time_slot_popup table.hour_table {
                        margin-bottom: 20px;
                    }

                    #layer_delivery_time_slot_popup .hour input {
                        opacity: 0;
                        position: fixed;
                        width: 0;
                    }

                    #layer_delivery_time_slot_popup .postalcode_title {
                        font-weight: bold;
                        padding: 20px 20px 0px 20px;
                        margin-bottom: 0;
                    }
                </style>

                <div id="layer_delivery_time_slot_popup"></div>
            </div>
        </div>
    </div>
</aside>


<!-- popup FINALIZACI�N cat�logo MADRID -->
<aside id="end_madrid_catalogue_popup" class="fpopup" style="display:none">
   <div class="fpopup__overlay">
        <div class="fpopup__container">
            <a class="close_button" title="Cerrar popup" href="javascript:void(0);"></a>
            <h3>Lo sentimos, pero Condisline ha dejado de operar en la zona centro: Madrid y alrededores.</h3>
            <p>Aunque ya no aceptamos pedidos, podrás contactarnos para resolver cualquier incidencia de entregas anteriores.</p>
            <p><img src="//static.condisline.com/static-app/j2_233f/images/condisline-madrid.jpg" alt="" style="max-width: 100%;"></p>
            <p>
                <a class="done_button" title="ACEPTAR" href="javascript:void(0);">ACEPTAR</a>
            </p>
        </div>
   </div>
</aside>

        
    <script type="text/javascript" src="https://islpronto.islonline.net/live/islpronto/public/chat_info.js?d=condis&amp;nick=.&amp;email=&amp;lang=es"></script>


<script type="text/javascript">
document.addEventListener('load', function() {
    if(true) {
        var image = document.getElementById('liveagent_button_online_5731r0000008g5K');
        if (locale == 'es_ES'){
            image.src = 'https://static.condisline.com/images/chat/islpronto-chat_es_.jpg';
        }else{
            image.src = 'https://static.condisline.com/images/chat/islpronto-chat_ca.jpg';
        }
    }else{
        var image = document.getElementById('liveagent_button_offline_5731r0000008g5K');
        if (locale == 'es_ES'){
            image.src = 'https://static.condisline.com/images/chat/islpronto_message_es.jpg';
        }else{
            image.src = 'https://static.condisline.com/images/chat/islpronto-message_ca.jpg';
        }
    }
});
</script>





        <footer class="footer_container" id="footer">
              <div id="payment_method" class="semitransparent_container">
        <ul class="content_container">
    <li class="avail safe">Compra Segura</li>
    <li class="avail norton"></li>
    <li class="avail visa"></li>
    <li class="avail mastercard"></li>
    <li class="avail paypal"></li>
    <li class="avail order">Recibe tu pedido al día siguiente</li>
    <li class="avail free">Envíos Gratis*<span class="tooltip">* Para los nuevos clientes en sus 2 primeras compras</span></li>
    <li class="avail collectives">Ventajas a colectivos</li>
</ul>
  </div>

  <div id="corporate information" class="opaque_container">
           <div class="content_container">
        <div class="footer_data_container left" itemscope="" itemtype="http://schema.org/Store">
                <meta itemprop="logo" content="//static.condisline.com/static-app/j2_233f/images/logo-condisline.png">
                <meta itemprop="name" content="Condisline.com, Supermercados Online">
                <meta itemprop="url" content="Condisline.com">
            <a class="footer_logo" title="Condisline" href="javascript:goToHome()" itemprop="url">
                <img class="logo_image" alt="Logotipo de Condisline" src="//static.condisline.com/static-app/j2_233f/images/logo-condisline.png" width="242" height="61" itemprop="logo">
            </a>
            <div itemscope="" class="contact_data" itemtype="http://schema.org/PostalAddress">
                <span class="telephone" itemprop="telephone">900 167 167</span>
            </div>
            <div itemscope="" class="contact_data contact_secundary" itemtype="http://schema.org/PostalAddress">
                <span class="footer">De Lunes a Jueves de 7h a 22.30h</span>
                <span class="footer">Viernes de 7h a 21.30h</span>
                <span class="footer">Sábado de 8h a 21.30h</span>
                <meta itemprop="addressCountry" content="ES">
                <a class="email" title="Email de contacto a Condisline" href="mailto:info@condis.es" itemprop="email">info@condis.es</a>
            </div>
        </div>
        <div class="footer_data_container">
            <ul class="footer_links_container">
                <li class="footer_link_container">
                    <a class="footer_link" title="Sobre Condis" href="/about_es_ES.jsp">Sobre Condis</a>
                </li>
                <li class="footer_link_container">
                    <a class="footer_link" title="Preguntas Frecuentes" href="/faq_es_ES.jsp">Preguntas Frecuentes</a>
                </li>
                <li class="footer_link_container">
                    <a class="footer_link" title="¿Dónde repartimos?" href="javascript:showDeliveryZones();">¿Dónde repartimos?</a>
                </li>
                <li class="footer_link_container">
                    <a class="footer_link" title="Horarios de entrega" href="javascript:showDeliveryTimes();">Horarios de entrega</a>
                </li>
            </ul>
        </div>
        <div class="footer_data_container right">
            <p class="social_text">Síguenos en:</p>
            <div class="social_container">
                <a class="social_button fb" title="Descubre nuestro canal en Facebook" rel="me nofollow" target="_blank" href="https://www.facebook.com/Condislife"></a>
                <a class="social_button tw" title="Descubre nuestro canal en Twitter" rel="me nofollow" target="_blank" href="https://twitter.com/Condislife"></a>
                <a class="social_button yt" title="Descubre nuestro canal en YouTube" rel="me nofollow" target="_blank" href="https://www.youtube.com/user/Condislife"></a>
            </div>

            <a class="condis_link" title="Descubre Condis" rel="me nofollow" target="_blank" href="http://www.condis.es">
                <img class="condis_logo" alt="Logotipo de de Condis" src="//static.condisline.com/static-app/j2_233f/images/logo-condis.png" width="143" height="44">
            </a>

            <a class="condis_link" title="Descubre Condislife" rel="me nofollow" target="_blank" href="http://www.condislife.com">
                <img class="condis_logo" alt="Logotipo de Condislife" src="//static.condisline.com/static-app/j2_233f/images/logo-condislife.png" width="143" height="44">
            </a>
            <br>


            <a class="condis_link" title="Descubre Condisline App" rel="me nofollow" target="_blank" href="https://www.condisline.com/promociones/landing-app/index.html">
                <img class="condis_logo" alt="Logotipo de de Condis" src="//static.condisline.com/static-app/j2_233f/images/logo-condislineapp.png" width="143" height="44">
            </a>


            <a class="condis_link" title="Descubre CondisFamily" rel="me nofollow" target="_blank" href="https://recursos.condis.es/app-condisfamily/">
                <img class="condis_logo" alt="Logotipo de CondisFamily" src="//static.condisline.com/static-app/j2_233f/images/logo-condisapp.png" width="143" height="44">
            </a>




        </div>
    </div>
  </div>

  <div id="plataforms" class="opaque_container">
        <ul class="collaborator_container">
    <li class="collaborator">
        <a class="collaborator_link" title="Ir a OXFAM Intermón" rel="nofollow" target="_blank" href="http://www.esolidario.es/">
            <img class="collaborator_image" alt="Logotipo de OXFAM Intermón" src="//static.condisline.com/static-app/j2_233f/images/logo-intermon.png">
        </a>
    </li>
    <!--
    <li class="collaborator">
        <a class="collaborator_link" title="Ir a AppStore" rel="nofollow" target="_blank" href="#">
            <img class="collaborator_image" alt=Logotipo de AppStore" src="//static.condisline.com/static-app/j2_233f/images/logo-appstore.png">
        </a>
    </li>
    <li class="collaborator">
        <a class="collaborator_link" title="Ir a GooglePlay" rel="nofollow" target="_blank" href="#">
            <img class="collaborator_image" alt="Logotipo de GooglePlay" src="//static.condisline.com/static-app/j2_233f/images/logo-googleplay.png">
        </a>
    </li>
    -->
</ul>
  </div>

  <div id="policies_condis" class="semitransparent_container">
        <ul class="links_container">
    <li class="link_container">
        <a class="legal_link" title="Ir a condiciones generales de compra" rel="nofollow" href="/police/general">Condiciones generales de compra</a>
    </li>
    <li class="link_container">
        <a class="legal_link" title="Ir a política de cookies" rel="nofollow" href="/cookies">Política de cookies</a>
    </li>
    <li class="link_container">
        <a class="legal_link" title="Política de privacidad" rel="nofollow" href="/police/privacy">Política de privacidad</a>
    </li>
</ul>
  </div>

  <div id="chat">
        <ul class="online_support_container">
  <a id="islpronto_link" title="Hola, ¿en qué puedo ayudarte?">
      <img id="liveagent_button_online_5731r0000008g5K" style="border: 0px none; cursor: pointer;" onclick="liveagent.startChat('5731r0000008g5K')" src="https://static.condisline.com/images/chat/islpronto-chat_es_.jpg"><img id="liveagent_button_offline_5731r0000008g5K" onclick="javascript:window.open('mailto:info@condis.es');" style="display: none; border: 0px none; " src="https://static.condisline.com/images/chat/islpronto_message_es.jpg">
      <script type="text/javascript">
      if (!window._laq) { window._laq = []; }
      window._laq.push(function(){liveagent.showWhenOnline('5731r0000008g5K', document.getElementById('liveagent_button_online_5731r0000008g5K'));
      liveagent.showWhenOffline('5731r0000008g5K', document.getElementById('liveagent_button_offline_5731r0000008g5K'));
      });</script>
  </a>

  <a id="return-top-btn" class="return_button" title="Volver arriba" href="javascript:void(0);" style="display: block; opacity: 1;"></a>
</ul>
  </div>

        </footer>
    







<div id="customer_data"></div><div id="fb-root" class=" fb_reset"><div style="position: absolute; top: -10000px; width: 0px; height: 0px;"><div></div></div></div></body></html>