[2025-05-19 14:18:35] Attempting to insert product: {'name': 'ACEITE DE OLIVA BORGES GUSTO SUAVE 1 L', 'price': '6,99€', 'category': 'Alimentación', 'store_id': 'condisline', 'quantity': '6,99€/Litro'}
[2025-05-19 14:18:38] ❌ Exception during Supabase insert: {'code': '22P02', 'details': None, 'hint': None, 'message': 'invalid input syntax for type numeric: "6,99€"'}
[2025-05-19 14:18:38] Attempting to insert product: {'name': 'ACEITE DE OLIVA BORGES VIRGEN EXTRA 1 L', 'price': '8,99€', 'category': 'Alimentación', 'store_id': 'condisline', 'quantity': '8,99€/Litro'}
[2025-05-19 14:18:39] ❌ Exception during Supabase insert: {'code': '22P02', 'details': None, 'hint': None, 'message': 'invalid input syntax for type numeric: "8,99€"'}
[2025-05-19 14:18:39] Attempting to insert product: {'name': 'VINAGRE BORGES MÓDENA 250 ML', 'price': '2,39€', 'category': 'Alimentación', 'store_id': 'condisline', 'quantity': '9,56€/Litro'}
[2025-05-19 14:18:39] ❌ Exception during Supabase insert: {'code': '22P02', 'details': None, 'hint': None, 'message': 'invalid input syntax for type numeric: "2,39€"'}
[2025-05-19 14:18:39] Attempting to insert product: {'name': 'ACEITE DE OLIVA BORGES GUSTO INTENSO 1 L', 'price': '6,99€', 'category': 'Alimentación', 'store_id': 'condisline', 'quantity': '6,99€/Litro'}
[2025-05-19 14:18:40] ❌ Exception during Supabase insert: {'code': '22P02', 'details': None, 'hint': None, 'message': 'invalid input syntax for type numeric: "6,99€"'}
[2025-05-19 14:18:40] Attempting to insert product: {'name': 'ACEITE VIRGEN EXTRA EL TROS ESENCIA TRUFA 250 ML', 'price': '3,75€', 'category': 'Alimentación', 'store_id': 'condisline', 'quantity': '15,00€/Litro'}
[2025-05-19 14:18:40] ❌ Exception during Supabase insert: {'code': '22P02', 'details': None, 'hint': None, 'message': 'invalid input syntax for type numeric: "3,75€"'}
[2025-05-19 14:18:40] Attempting to insert product: {'name': 'ACEITE EL TROS FUSSION PIZZAS 250 ML', 'price': '3,75€', 'category': 'Alimentación', 'store_id': 'condisline', 'quantity': '15,00€/Litro'}
[2025-05-19 14:18:40] ❌ Exception during Supabase insert: {'code': '22P02', 'details': None, 'hint': None, 'message': 'invalid input syntax for type numeric: "3,75€"'}
[2025-05-19 14:18:40] Attempting to insert product: {'name': 'ACEITE VIRGEN EXTRA EL TROS ARBEQUINA 2 L', 'price': '15,45€', 'category': 'Alimentación', 'store_id': 'condisline', 'quantity': '7,73€/Litro'}
[2025-05-19 14:18:41] ❌ Exception during Supabase insert: {'code': '22P02', 'details': None, 'hint': None, 'message': 'invalid input syntax for type numeric: "15,45€"'}
[2025-05-19 14:18:41] Attempting to insert product: {'name': 'ACEITE DE OLIVA GERMANOR VIRGEN EXTRA ARBEQUINA 750 ML', 'price': '7,99€', 'category': 'Alimentación', 'store_id': 'condisline', 'quantity': '10,65€/Litro'}
[2025-05-19 14:18:41] ❌ Exception during Supabase insert: {'code': '22P02', 'details': None, 'hint': None, 'message': 'invalid input syntax for type numeric: "7,99€"'}
[2025-05-19 14:18:41] Attempting to insert product: {'name': 'ACEITE DE OLIVA MANOLETE AFRUTADO 2 L', 'price': '11,19€', 'category': 'Alimentación', 'store_id': 'condisline', 'quantity': '5,60€/Litro'}
[2025-05-19 14:18:42] ❌ Exception during Supabase insert: {'code': '22P02', 'details': None, 'hint': None, 'message': 'invalid input syntax for type numeric: "11,19€"'}
[2025-05-19 14:18:42] Attempting to insert product: {'name': 'ACEITE DE OLIVA CONDIS SUAVE 1 L', 'price': '4,20€', 'category': 'Alimentación', 'store_id': 'condisline', 'quantity': '4,20€/Litro'}
[2025-05-19 14:18:44] ❌ Exception during Supabase insert: {'code': '22P02', 'details': None, 'hint': None, 'message': 'invalid input syntax for type numeric: "4,20€"'}
[2025-05-19 14:18:44] Attempting to insert product: {'name': 'ACEITE DE OLIVA CONDIS INTENSO 1 L', 'price': '4,20€', 'category': 'Alimentación', 'store_id': 'condisline', 'quantity': '4,20€/Litro'}
[2025-05-19 14:18:46] ❌ Exception during Supabase insert: {'code': '22P02', 'details': None, 'hint': None, 'message': 'invalid input syntax for type numeric: "4,20€"'}
[2025-05-19 14:18:46] Attempting to insert product: {'name': 'ACEITE CONDIS GIRASOL 1 L', 'price': '1,80€', 'category': 'Alimentación', 'store_id': 'condisline', 'quantity': '1,80€/Litro'}
[2025-05-19 14:18:48] ❌ Exception during Supabase insert: {'code': '22P02', 'details': None, 'hint': None, 'message': 'invalid input syntax for type numeric: "1,80€"'}
[2025-05-19 14:18:48] Attempting to insert product: {'name': 'ACEITE DE OLIVA CARBONELL 0.4 GRADOS 1 L', 'price': '5,45€', 'category': 'Alimentación', 'store_id': 'condisline', 'quantity': '5,45€/Litro'}
[2025-05-19 14:18:48] ❌ Exception during Supabase insert: {'code': '22P02', 'details': None, 'hint': None, 'message': 'invalid input syntax for type numeric: "5,45€"'}
[2025-05-19 14:18:48] Attempting to insert product: {'name': 'ACEITE DE OLIVA BORGES VIRGEN EXTRA ARBEQUINA 75 CL', 'price': '7,99€', 'category': 'Alimentación', 'store_id': 'condisline', 'quantity': '10,65€/Litro'}
[2025-05-19 14:18:49] ❌ Exception during Supabase insert: {'code': '22P02', 'details': None, 'hint': None, 'message': 'invalid input syntax for type numeric: "7,99€"'}
[2025-05-19 14:18:49] Attempting to insert product: {'name': 'ACEITE CONDIS OLIVA SUAVE 3 L', 'price': '11,37€', 'category': 'Alimentación', 'store_id': 'condisline', 'quantity': '3,79€/Litro'}
[2025-05-19 14:18:49] ❌ Exception during Supabase insert: {'code': '22P02', 'details': None, 'hint': None, 'message': 'invalid input syntax for type numeric: "11,37€"'}
[2025-05-19 14:18:49] Attempting to insert product: {'name': 'VINAGRE CONDIS BLANCO 1 L', 'price': '0,69€', 'category': 'Alimentación', 'store_id': 'condisline', 'quantity': '0,69€/Litro'}
[2025-05-19 14:18:49] ❌ Exception during Supabase insert: {'code': '22P02', 'details': None, 'hint': None, 'message': 'invalid input syntax for type numeric: "0,69€"'}
[2025-05-19 14:18:49] Attempting to insert product: {'name': 'ACEITE LA MASIA 0.4 CLASICO 1 L', 'price': '5,19€', 'category': 'Alimentación', 'store_id': 'condisline', 'quantity': '5,19€/Litro'}
[2025-05-19 14:18:50] ❌ Exception during Supabase insert: {'code': '22P02', 'details': None, 'hint': None, 'message': 'invalid input syntax for type numeric: "5,19€"'}
[2025-05-19 14:18:50] Attempting to insert product: {'name': 'ACEITE VIRGEN EXTRA OLI CASTELLÓ OLIVA PICUAL 1 L', 'price': '8,99€', 'category': 'Alimentación', 'store_id': 'condisline', 'quantity': '8,99€/Litro'}
[2025-05-19 14:18:50] ❌ Exception during Supabase insert: {'code': '22P02', 'details': None, 'hint': None, 'message': 'invalid input syntax for type numeric: "8,99€"'}
[2025-05-19 14:18:50] Attempting to insert product: {'name': 'ACEITE CONDIS VIRGEN EXTRA 1 L', 'price': '5,25€', 'category': 'Alimentación', 'store_id': 'condisline', 'quantity': '5,25€/Litro'}
[2025-05-19 14:18:50] ❌ Exception during Supabase insert: {'code': '22P02', 'details': None, 'hint': None, 'message': 'invalid input syntax for type numeric: "5,25€"'}
[2025-05-19 14:18:50] Attempting to insert product: {'name': 'ACEITE DE OLIVA CARBONELL VIRGEN EXTRA TRIANGULAR 1 L', 'price': '7,69€', 'category': 'Alimentación', 'store_id': 'condisline', 'quantity': '7,69€/Litro'}
[2025-05-19 14:18:51] ❌ Exception during Supabase insert: {'code': '22P02', 'details': None, 'hint': None, 'message': 'invalid input syntax for type numeric: "7,69€"'}
[2025-05-19 14:18:51] Attempting to insert product: {'name': 'ACEITE CONDIS VIRGEN EXTRA 750 ML', 'price': '5,95€', 'category': 'Alimentación', 'store_id': 'condisline', 'quantity': '7,93€/Litro'}
[2025-05-19 14:18:51] ❌ Exception during Supabase insert: {'code': '22P02', 'details': None, 'hint': None, 'message': 'invalid input syntax for type numeric: "5,95€"'}
[2025-05-19 14:18:51] Attempting to insert product: {'name': 'ACEITE BORGESOL GIRASOL 1 L', 'price': '2,89€', 'category': 'Alimentación', 'store_id': 'condisline', 'quantity': '2,89€/Litro'}
[2025-05-19 14:18:52] ❌ Exception during Supabase insert: {'code': '22P02', 'details': None, 'hint': None, 'message': 'invalid input syntax for type numeric: "2,89€"'}
[2025-05-19 14:18:52] Attempting to insert product: {'name': 'VINAGRE BORGES MÓDENA 500 ML', 'price': '3,92€', 'category': 'Alimentación', 'store_id': 'condisline', 'quantity': '7,84€/Litro'}
[2025-05-19 14:18:52] ❌ Exception during Supabase insert: {'code': '22P02', 'details': None, 'hint': None, 'message': 'invalid input syntax for type numeric: "3,92€"'}
[2025-05-19 14:18:52] Attempting to insert product: {'name': 'ACEITE BORGES VIRGEN EXTRA 2 L', 'price': '17,55€', 'category': 'Alimentación', 'store_id': 'condisline', 'quantity': '8,78€/Litro'}
[2025-05-19 14:18:52] ❌ Exception during Supabase insert: {'code': '22P02', 'details': None, 'hint': None, 'message': 'invalid input syntax for type numeric: "17,55€"'}
[2025-05-19 14:18:52] Attempting to insert product: {'name': 'ACEITE CARBONELL VIRGEN EXTRA SPRAY 200 ML', 'price': '3,49€', 'category': 'Alimentación', 'store_id': 'condisline', 'quantity': '17,45€/Litro'}
[2025-05-19 14:18:53] ❌ Exception during Supabase insert: {'code': '22P02', 'details': None, 'hint': None, 'message': 'invalid input syntax for type numeric: "3,49€"'}
[2025-05-19 14:18:53] Attempting to insert product: {'name': 'CREMA BORGES BALSÁMICO DE MÓDENA 250 G', 'price': '3,39€', 'category': 'Alimentación', 'store_id': 'condisline', 'quantity': '13,56€/Kilo'}
[2025-05-19 14:18:53] ❌ Exception during Supabase insert: {'code': '22P02', 'details': None, 'hint': None, 'message': 'invalid input syntax for type numeric: "3,39€"'}
[2025-05-19 14:18:53] Attempting to insert product: {'name': 'ACEITE OLIV CONDIS VIRGEN EXTRA 3 L', 'price': '14,95€', 'category': 'Alimentación', 'store_id': 'condisline', 'quantity': '4,98€/Litro'}
[2025-05-19 14:18:53] ❌ Exception during Supabase insert: {'code': '22P02', 'details': None, 'hint': None, 'message': 'invalid input syntax for type numeric: "14,95€"'}
[2025-05-19 14:18:53] Attempting to insert product: {'name': 'VINAGRE CONDIS BALSÁMICO DE MÓDENA 250 ML', 'price': '1,35€', 'category': 'Alimentación', 'store_id': 'condisline', 'quantity': '5,40€/Litro'}
[2025-05-19 14:18:54] ❌ Exception during Supabase insert: {'code': '22P02', 'details': None, 'hint': None, 'message': 'invalid input syntax for type numeric: "1,35€"'}
[2025-05-19 14:18:54] Attempting to insert product: {'name': 'ACEITE DE OLIVA HOJIBLANCA VIRGEN EXTRA 1 L', 'price': '7,99€', 'category': 'Alimentación', 'store_id': 'condisline', 'quantity': '7,99€/Litro'}
[2025-05-19 14:18:54] ❌ Exception during Supabase insert: {'code': '22P02', 'details': None, 'hint': None, 'message': 'invalid input syntax for type numeric: "7,99€"'}
[2025-05-19 14:18:54] Attempting to insert product: {'name': 'ACEITE GERMANOR VIRGEN EXTRA 2 L', 'price': '19,95€', 'category': 'Alimentación', 'store_id': 'condisline', 'quantity': '9,98€/Litro'}
[2025-05-19 14:18:55] ❌ Exception during Supabase insert: {'code': '22P02', 'details': None, 'hint': None, 'message': 'invalid input syntax for type numeric: "19,95€"'}
[2025-05-19 14:33:02] Attempting to insert product: {'name': 'ACEITE DE OLIVA BORGES GUSTO SUAVE 1 L', 'price': 6.99, 'category': 'Aceite y vinagre', 'store_id': 'condisline', 'quantity': '6,99€/Litro'}
[2025-05-19 14:33:03] Supabase Response: data=[{'name': 'ACEITE DE OLIVA BORGES GUSTO SUAVE 1 L', 'price': 6.99, 'category': 'Aceite y vinagre', 'store_id': 'condisline', 'quantity': '6,99€/Litro', 'id': 'd83c55f3-597e-4f55-80b2-6f1964b4a52d', 'created_at': '2025-05-19T11:33:05.338871'}] count=None
[2025-05-19 14:33:03] ✅ Successfully inserted: ACEITE DE OLIVA BORGES GUSTO SUAVE 1 L
[2025-05-19 14:33:03] Attempting to insert product: {'name': 'ACEITE DE OLIVA BORGES VIRGEN EXTRA 1 L', 'price': 8.99, 'category': 'Aceite y vinagre', 'store_id': 'condisline', 'quantity': '8,99€/Litro'}
[2025-05-19 14:33:04] Supabase Response: data=[{'name': 'ACEITE DE OLIVA BORGES VIRGEN EXTRA 1 L', 'price': 8.99, 'category': 'Aceite y vinagre', 'store_id': 'condisline', 'quantity': '8,99€/Litro', 'id': 'c59dee93-88ec-48dd-a49f-5f30b4b8aca0', 'created_at': '2025-05-19T11:33:05.877834'}] count=None
[2025-05-19 14:33:04] ✅ Successfully inserted: ACEITE DE OLIVA BORGES VIRGEN EXTRA 1 L
[2025-05-19 14:33:04] Attempting to insert product: {'name': 'VINAGRE BORGES MÓDENA 250 ML', 'price': 2.39, 'category': 'Aceite y vinagre', 'store_id': 'condisline', 'quantity': '9,56€/Litro'}
[2025-05-19 14:33:05] Supabase Response: data=[{'name': 'VINAGRE BORGES MÓDENA 250 ML', 'price': 2.39, 'category': 'Aceite y vinagre', 'store_id': 'condisline', 'quantity': '9,56€/Litro', 'id': '90f59584-d34e-4dda-b928-d814ce8554fb', 'created_at': '2025-05-19T11:33:06.969186'}] count=None
[2025-05-19 14:33:05] ✅ Successfully inserted: VINAGRE BORGES MÓDENA 250 ML
[2025-05-19 14:33:05] Attempting to insert product: {'name': 'ACEITE DE OLIVA BORGES GUSTO INTENSO 1 L', 'price': 6.99, 'category': 'Aceite y vinagre', 'store_id': 'condisline', 'quantity': '6,99€/Litro'}
[2025-05-19 14:33:05] Supabase Response: data=[{'name': 'ACEITE DE OLIVA BORGES GUSTO INTENSO 1 L', 'price': 6.99, 'category': 'Aceite y vinagre', 'store_id': 'condisline', 'quantity': '6,99€/Litro', 'id': '425814af-5377-461f-b917-54b667038a12', 'created_at': '2025-05-19T11:33:07.389961'}] count=None
[2025-05-19 14:33:05] ✅ Successfully inserted: ACEITE DE OLIVA BORGES GUSTO INTENSO 1 L
[2025-05-19 14:33:05] Attempting to insert product: {'name': 'ACEITE VIRGEN EXTRA EL TROS ESENCIA TRUFA 250 ML', 'price': 3.75, 'category': 'Aceite y vinagre', 'store_id': 'condisline', 'quantity': '15,00€/Litro'}
[2025-05-19 14:33:06] Supabase Response: data=[{'name': 'ACEITE VIRGEN EXTRA EL TROS ESENCIA TRUFA 250 ML', 'price': 3.75, 'category': 'Aceite y vinagre', 'store_id': 'condisline', 'quantity': '15,00€/Litro', 'id': '01a78e82-4562-4f9e-8196-6d98e6618e20', 'created_at': '2025-05-19T11:33:07.865745'}] count=None
[2025-05-19 14:33:06] ✅ Successfully inserted: ACEITE VIRGEN EXTRA EL TROS ESENCIA TRUFA 250 ML
[2025-05-19 14:33:06] Attempting to insert product: {'name': 'ACEITE EL TROS FUSSION PIZZAS 250 ML', 'price': 3.75, 'category': 'Aceite y vinagre', 'store_id': 'condisline', 'quantity': '15,00€/Litro'}
[2025-05-19 14:33:06] Supabase Response: data=[{'name': 'ACEITE EL TROS FUSSION PIZZAS 250 ML', 'price': 3.75, 'category': 'Aceite y vinagre', 'store_id': 'condisline', 'quantity': '15,00€/Litro', 'id': '8868f89a-28f3-422d-ad9d-a6ad61e442d9', 'created_at': '2025-05-19T11:33:08.081079'}] count=None
[2025-05-19 14:33:06] ✅ Successfully inserted: ACEITE EL TROS FUSSION PIZZAS 250 ML
[2025-05-19 14:33:06] Attempting to insert product: {'name': 'ACEITE VIRGEN EXTRA EL TROS ARBEQUINA 2 L', 'price': 15.45, 'category': 'Aceite y vinagre', 'store_id': 'condisline', 'quantity': '7,73€/Litro'}
[2025-05-19 14:33:07] Supabase Response: data=[{'name': 'ACEITE VIRGEN EXTRA EL TROS ARBEQUINA 2 L', 'price': 15.45, 'category': 'Aceite y vinagre', 'store_id': 'condisline', 'quantity': '7,73€/Litro', 'id': '0545612b-05c0-479a-97fc-c9fdef68de97', 'created_at': '2025-05-19T11:33:08.587732'}] count=None
[2025-05-19 14:33:07] ✅ Successfully inserted: ACEITE VIRGEN EXTRA EL TROS ARBEQUINA 2 L
[2025-05-19 14:33:07] Attempting to insert product: {'name': 'ACEITE DE OLIVA GERMANOR VIRGEN EXTRA ARBEQUINA 750 ML', 'price': 7.99, 'category': 'Aceite y vinagre', 'store_id': 'condisline', 'quantity': '10,65€/Litro'}
[2025-05-19 14:33:07] Supabase Response: data=[{'name': 'ACEITE DE OLIVA GERMANOR VIRGEN EXTRA ARBEQUINA 750 ML', 'price': 7.99, 'category': 'Aceite y vinagre', 'store_id': 'condisline', 'quantity': '10,65€/Litro', 'id': '5b88ff93-1281-4ac0-8910-e4cea9a47bdc', 'created_at': '2025-05-19T11:33:09.475995'}] count=None
[2025-05-19 14:33:07] ✅ Successfully inserted: ACEITE DE OLIVA GERMANOR VIRGEN EXTRA ARBEQUINA 750 ML
[2025-05-19 14:33:07] Attempting to insert product: {'name': 'ACEITE DE OLIVA MANOLETE AFRUTADO 2 L', 'price': 11.19, 'category': 'Aceite y vinagre', 'store_id': 'condisline', 'quantity': '5,60€/Litro'}
[2025-05-19 14:33:08] Supabase Response: data=[{'name': 'ACEITE DE OLIVA MANOLETE AFRUTADO 2 L', 'price': 11.19, 'category': 'Aceite y vinagre', 'store_id': 'condisline', 'quantity': '5,60€/Litro', 'id': '576a5e16-68eb-44ee-b298-12cb1261843c', 'created_at': '2025-05-19T11:33:10.025091'}] count=None
[2025-05-19 14:33:08] ✅ Successfully inserted: ACEITE DE OLIVA MANOLETE AFRUTADO 2 L
[2025-05-19 14:33:08] Attempting to insert product: {'name': 'ACEITE DE OLIVA CONDIS SUAVE 1 L', 'price': 4.2, 'category': 'Aceite y vinagre', 'store_id': 'condisline', 'quantity': '4,20€/Litro'}
[2025-05-19 14:33:09] Supabase Response: data=[{'name': 'ACEITE DE OLIVA CONDIS SUAVE 1 L', 'price': 4.2, 'category': 'Aceite y vinagre', 'store_id': 'condisline', 'quantity': '4,20€/Litro', 'id': 'c7ed979a-5456-47ef-b73c-fce1f7cd2520', 'created_at': '2025-05-19T11:33:10.746559'}] count=None
[2025-05-19 14:33:09] ✅ Successfully inserted: ACEITE DE OLIVA CONDIS SUAVE 1 L
[2025-05-19 14:33:09] Attempting to insert product: {'name': 'ACEITE DE OLIVA CONDIS INTENSO 1 L', 'price': 4.2, 'category': 'Aceite y vinagre', 'store_id': 'condisline', 'quantity': '4,20€/Litro'}
[2025-05-19 14:33:10] Supabase Response: data=[{'name': 'ACEITE DE OLIVA CONDIS INTENSO 1 L', 'price': 4.2, 'category': 'Aceite y vinagre', 'store_id': 'condisline', 'quantity': '4,20€/Litro', 'id': 'bfa40748-3f86-42d3-a3e4-60380eeeed4d', 'created_at': '2025-05-19T11:33:11.783091'}] count=None
[2025-05-19 14:33:10] ✅ Successfully inserted: ACEITE DE OLIVA CONDIS INTENSO 1 L
[2025-05-19 14:33:10] Attempting to insert product: {'name': 'ACEITE CONDIS GIRASOL 1 L', 'price': 1.8, 'category': 'Aceite y vinagre', 'store_id': 'condisline', 'quantity': '1,80€/Litro'}
[2025-05-19 14:33:10] Supabase Response: data=[{'name': 'ACEITE CONDIS GIRASOL 1 L', 'price': 1.8, 'category': 'Aceite y vinagre', 'store_id': 'condisline', 'quantity': '1,80€/Litro', 'id': '616e5ccc-f1d8-4760-a0d7-d79cbb6fdad9', 'created_at': '2025-05-19T11:33:12.525718'}] count=None
[2025-05-19 14:33:10] ✅ Successfully inserted: ACEITE CONDIS GIRASOL 1 L
[2025-05-19 14:33:10] Attempting to insert product: {'name': 'ACEITE DE OLIVA CARBONELL 0.4 GRADOS 1 L', 'price': 5.45, 'category': 'Aceite y vinagre', 'store_id': 'condisline', 'quantity': '5,45€/Litro'}
[2025-05-19 14:33:11] Supabase Response: data=[{'name': 'ACEITE DE OLIVA CARBONELL 0.4 GRADOS 1 L', 'price': 5.45, 'category': 'Aceite y vinagre', 'store_id': 'condisline', 'quantity': '5,45€/Litro', 'id': '486f795c-7548-45b4-bd38-db641756a682', 'created_at': '2025-05-19T11:33:13.167512'}] count=None
[2025-05-19 14:33:11] ✅ Successfully inserted: ACEITE DE OLIVA CARBONELL 0.4 GRADOS 1 L
[2025-05-19 14:33:11] Attempting to insert product: {'name': 'ACEITE DE OLIVA BORGES VIRGEN EXTRA ARBEQUINA 75 CL', 'price': 7.99, 'category': 'Aceite y vinagre', 'store_id': 'condisline', 'quantity': '10,65€/Litro'}
[2025-05-19 14:33:11] Supabase Response: data=[{'name': 'ACEITE DE OLIVA BORGES VIRGEN EXTRA ARBEQUINA 75 CL', 'price': 7.99, 'category': 'Aceite y vinagre', 'store_id': 'condisline', 'quantity': '10,65€/Litro', 'id': 'a4186932-b8dd-43ac-b459-a11f2ba60780', 'created_at': '2025-05-19T11:33:13.512104'}] count=None
[2025-05-19 14:33:11] ✅ Successfully inserted: ACEITE DE OLIVA BORGES VIRGEN EXTRA ARBEQUINA 75 CL
[2025-05-19 14:33:11] Attempting to insert product: {'name': 'ACEITE CONDIS OLIVA SUAVE 3 L', 'price': 11.37, 'category': 'Aceite y vinagre', 'store_id': 'condisline', 'quantity': '3,79€/Litro'}
[2025-05-19 14:33:11] Supabase Response: data=[{'name': 'ACEITE CONDIS OLIVA SUAVE 3 L', 'price': 11.37, 'category': 'Aceite y vinagre', 'store_id': 'condisline', 'quantity': '3,79€/Litro', 'id': '1f0802ab-7043-45eb-b71b-65910161e68b', 'created_at': '2025-05-19T11:33:13.815013'}] count=None
[2025-05-19 14:33:11] ✅ Successfully inserted: ACEITE CONDIS OLIVA SUAVE 3 L
[2025-05-19 14:33:11] Attempting to insert product: {'name': 'VINAGRE CONDIS BLANCO 1 L', 'price': 0.69, 'category': 'Aceite y vinagre', 'store_id': 'condisline', 'quantity': '0,69€/Litro'}
[2025-05-19 14:33:12] Supabase Response: data=[{'name': 'VINAGRE CONDIS BLANCO 1 L', 'price': 0.69, 'category': 'Aceite y vinagre', 'store_id': 'condisline', 'quantity': '0,69€/Litro', 'id': '98b96ee7-e9f1-4116-85b5-9c5a200e239f', 'created_at': '2025-05-19T11:33:14.041269'}] count=None
[2025-05-19 14:33:12] ✅ Successfully inserted: VINAGRE CONDIS BLANCO 1 L
[2025-05-19 14:33:12] Attempting to insert product: {'name': 'ACEITE LA MASIA 0.4 CLASICO 1 L', 'price': 5.19, 'category': 'Aceite y vinagre', 'store_id': 'condisline', 'quantity': '5,19€/Litro'}
[2025-05-19 14:33:12] Supabase Response: data=[{'name': 'ACEITE LA MASIA 0.4 CLASICO 1 L', 'price': 5.19, 'category': 'Aceite y vinagre', 'store_id': 'condisline', 'quantity': '5,19€/Litro', 'id': '3de3125a-89b9-4141-824f-84262afa2aa3', 'created_at': '2025-05-19T11:33:14.333366'}] count=None
[2025-05-19 14:33:12] ✅ Successfully inserted: ACEITE LA MASIA 0.4 CLASICO 1 L
[2025-05-19 14:33:12] Attempting to insert product: {'name': 'ACEITE VIRGEN EXTRA OLI CASTELLÓ OLIVA PICUAL 1 L', 'price': 8.99, 'category': 'Aceite y vinagre', 'store_id': 'condisline', 'quantity': '8,99€/Litro'}
[2025-05-19 14:33:13] Supabase Response: data=[{'name': 'ACEITE VIRGEN EXTRA OLI CASTELLÓ OLIVA PICUAL 1 L', 'price': 8.99, 'category': 'Aceite y vinagre', 'store_id': 'condisline', 'quantity': '8,99€/Litro', 'id': '8a811f0d-5cb5-4f9a-9cb8-a662c6138b7d', 'created_at': '2025-05-19T11:33:15.035977'}] count=None
[2025-05-19 14:33:13] ✅ Successfully inserted: ACEITE VIRGEN EXTRA OLI CASTELLÓ OLIVA PICUAL 1 L
[2025-05-19 14:33:13] Attempting to insert product: {'name': 'ACEITE CONDIS VIRGEN EXTRA 1 L', 'price': 5.25, 'category': 'Aceite y vinagre', 'store_id': 'condisline', 'quantity': '5,25€/Litro'}
[2025-05-19 14:33:13] Supabase Response: data=[{'name': 'ACEITE CONDIS VIRGEN EXTRA 1 L', 'price': 5.25, 'category': 'Aceite y vinagre', 'store_id': 'condisline', 'quantity': '5,25€/Litro', 'id': 'b9f080ee-0a0a-42b3-a2bf-3aec294b4479', 'created_at': '2025-05-19T11:33:15.349552'}] count=None
[2025-05-19 14:33:13] ✅ Successfully inserted: ACEITE CONDIS VIRGEN EXTRA 1 L
[2025-05-19 14:33:13] Attempting to insert product: {'name': 'ACEITE DE OLIVA CARBONELL VIRGEN EXTRA TRIANGULAR 1 L', 'price': 7.69, 'category': 'Aceite y vinagre', 'store_id': 'condisline', 'quantity': '7,69€/Litro'}
[2025-05-19 14:33:13] Supabase Response: data=[{'name': 'ACEITE DE OLIVA CARBONELL VIRGEN EXTRA TRIANGULAR 1 L', 'price': 7.69, 'category': 'Aceite y vinagre', 'store_id': 'condisline', 'quantity': '7,69€/Litro', 'id': 'eefc6ac3-fe8d-4719-8104-8ebc7e078d5e', 'created_at': '2025-05-19T11:33:15.664118'}] count=None
[2025-05-19 14:33:13] ✅ Successfully inserted: ACEITE DE OLIVA CARBONELL VIRGEN EXTRA TRIANGULAR 1 L
[2025-05-19 14:33:13] Attempting to insert product: {'name': 'ACEITE CONDIS VIRGEN EXTRA 750 ML', 'price': 5.95, 'category': 'Aceite y vinagre', 'store_id': 'condisline', 'quantity': '7,93€/Litro'}
[2025-05-19 14:33:14] Supabase Response: data=[{'name': 'ACEITE CONDIS VIRGEN EXTRA 750 ML', 'price': 5.95, 'category': 'Aceite y vinagre', 'store_id': 'condisline', 'quantity': '7,93€/Litro', 'id': '18798ccc-988c-444a-8ae3-6f127b6544ef', 'created_at': '2025-05-19T11:33:15.888315'}] count=None
[2025-05-19 14:33:14] ✅ Successfully inserted: ACEITE CONDIS VIRGEN EXTRA 750 ML
[2025-05-19 14:33:14] Attempting to insert product: {'name': 'ACEITE BORGESOL GIRASOL 1 L', 'price': 2.89, 'category': 'Aceite y vinagre', 'store_id': 'condisline', 'quantity': '2,89€/Litro'}
[2025-05-19 14:33:14] Supabase Response: data=[{'name': 'ACEITE BORGESOL GIRASOL 1 L', 'price': 2.89, 'category': 'Aceite y vinagre', 'store_id': 'condisline', 'quantity': '2,89€/Litro', 'id': '513f919e-a4aa-405c-927a-4b9edff00f65', 'created_at': '2025-05-19T11:33:16.162503'}] count=None
[2025-05-19 14:33:14] ✅ Successfully inserted: ACEITE BORGESOL GIRASOL 1 L
[2025-05-19 14:33:14] Attempting to insert product: {'name': 'VINAGRE BORGES MÓDENA 500 ML', 'price': 3.92, 'category': 'Aceite y vinagre', 'store_id': 'condisline', 'quantity': '7,84€/Litro'}
[2025-05-19 14:33:14] Supabase Response: data=[{'name': 'VINAGRE BORGES MÓDENA 500 ML', 'price': 3.92, 'category': 'Aceite y vinagre', 'store_id': 'condisline', 'quantity': '7,84€/Litro', 'id': '6576cf5d-5369-4a47-a029-f6f3e73c4326', 'created_at': '2025-05-19T11:33:16.443456'}] count=None
[2025-05-19 14:33:14] ✅ Successfully inserted: VINAGRE BORGES MÓDENA 500 ML
[2025-05-19 14:33:14] Attempting to insert product: {'name': 'ACEITE BORGES VIRGEN EXTRA 2 L', 'price': 17.55, 'category': 'Aceite y vinagre', 'store_id': 'condisline', 'quantity': '8,78€/Litro'}
[2025-05-19 14:33:15] Supabase Response: data=[{'name': 'ACEITE BORGES VIRGEN EXTRA 2 L', 'price': 17.55, 'category': 'Aceite y vinagre', 'store_id': 'condisline', 'quantity': '8,78€/Litro', 'id': 'dbefb936-fd58-4847-8804-9bce0a15b016', 'created_at': '2025-05-19T11:33:16.881573'}] count=None
[2025-05-19 14:33:15] ✅ Successfully inserted: ACEITE BORGES VIRGEN EXTRA 2 L
[2025-05-19 14:33:15] Attempting to insert product: {'name': 'ACEITE CARBONELL VIRGEN EXTRA SPRAY 200 ML', 'price': 3.49, 'category': 'Aceite y vinagre', 'store_id': 'condisline', 'quantity': '17,45€/Litro'}
[2025-05-19 14:33:15] Supabase Response: data=[{'name': 'ACEITE CARBONELL VIRGEN EXTRA SPRAY 200 ML', 'price': 3.49, 'category': 'Aceite y vinagre', 'store_id': 'condisline', 'quantity': '17,45€/Litro', 'id': 'ca4e12e2-5d9f-49ff-a7be-2f90395b1269', 'created_at': '2025-05-19T11:33:17.189564'}] count=None
[2025-05-19 14:33:15] ✅ Successfully inserted: ACEITE CARBONELL VIRGEN EXTRA SPRAY 200 ML
[2025-05-19 14:33:15] Attempting to insert product: {'name': 'CREMA BORGES BALSÁMICO DE MÓDENA 250 G', 'price': 3.39, 'category': 'Aceite y vinagre', 'store_id': 'condisline', 'quantity': '13,56€/Kilo'}
[2025-05-19 14:33:15] Supabase Response: data=[{'name': 'CREMA BORGES BALSÁMICO DE MÓDENA 250 G', 'price': 3.39, 'category': 'Aceite y vinagre', 'store_id': 'condisline', 'quantity': '13,56€/Kilo', 'id': '066b830d-53b7-4aa1-808a-5975ba1c884d', 'created_at': '2025-05-19T11:33:17.416352'}] count=None
[2025-05-19 14:33:15] ✅ Successfully inserted: CREMA BORGES BALSÁMICO DE MÓDENA 250 G
[2025-05-19 14:33:15] Attempting to insert product: {'name': 'ACEITE OLIV CONDIS VIRGEN EXTRA 3 L', 'price': 14.95, 'category': 'Aceite y vinagre', 'store_id': 'condisline', 'quantity': '4,98€/Litro'}
[2025-05-19 14:33:15] Supabase Response: data=[{'name': 'ACEITE OLIV CONDIS VIRGEN EXTRA 3 L', 'price': 14.95, 'category': 'Aceite y vinagre', 'store_id': 'condisline', 'quantity': '4,98€/Litro', 'id': '0fadba18-a6b3-4b9f-8bf3-de1e53042e2a', 'created_at': '2025-05-19T11:33:17.70212'}] count=None
[2025-05-19 14:33:15] ✅ Successfully inserted: ACEITE OLIV CONDIS VIRGEN EXTRA 3 L
[2025-05-19 14:33:15] Attempting to insert product: {'name': 'VINAGRE CONDIS BALSÁMICO DE MÓDENA 250 ML', 'price': 1.35, 'category': 'Aceite y vinagre', 'store_id': 'condisline', 'quantity': '5,40€/Litro'}
[2025-05-19 14:33:16] Supabase Response: data=[{'name': 'VINAGRE CONDIS BALSÁMICO DE MÓDENA 250 ML', 'price': 1.35, 'category': 'Aceite y vinagre', 'store_id': 'condisline', 'quantity': '5,40€/Litro', 'id': '4f1741d4-4114-4129-8e08-8038b39bfc8c', 'created_at': '2025-05-19T11:33:17.931213'}] count=None
[2025-05-19 14:33:16] ✅ Successfully inserted: VINAGRE CONDIS BALSÁMICO DE MÓDENA 250 ML
[2025-05-19 14:33:16] Attempting to insert product: {'name': 'ACEITE DE OLIVA HOJIBLANCA VIRGEN EXTRA 1 L', 'price': 7.99, 'category': 'Aceite y vinagre', 'store_id': 'condisline', 'quantity': '7,99€/Litro'}
[2025-05-19 14:33:16] Supabase Response: data=[{'name': 'ACEITE DE OLIVA HOJIBLANCA VIRGEN EXTRA 1 L', 'price': 7.99, 'category': 'Aceite y vinagre', 'store_id': 'condisline', 'quantity': '7,99€/Litro', 'id': 'ee13fdad-d89a-4e65-863d-7e3e9516efcb', 'created_at': '2025-05-19T11:33:18.222068'}] count=None
[2025-05-19 14:33:16] ✅ Successfully inserted: ACEITE DE OLIVA HOJIBLANCA VIRGEN EXTRA 1 L
[2025-05-19 14:33:16] Attempting to insert product: {'name': 'ACEITE GERMANOR VIRGEN EXTRA 2 L', 'price': 19.95, 'category': 'Aceite y vinagre', 'store_id': 'condisline', 'quantity': '9,98€/Litro'}
[2025-05-19 14:33:16] Supabase Response: data=[{'name': 'ACEITE GERMANOR VIRGEN EXTRA 2 L', 'price': 19.95, 'category': 'Aceite y vinagre', 'store_id': 'condisline', 'quantity': '9,98€/Litro', 'id': '728fab83-4afc-40df-87fa-4010232aeeff', 'created_at': '2025-05-19T11:33:18.532963'}] count=None
[2025-05-19 14:33:16] ✅ Successfully inserted: ACEITE GERMANOR VIRGEN EXTRA 2 L
[2025-05-19 14:33:16] Attempting to insert product: {'name': 'VINAGRE CONDIS NEGRO 1 L', 'price': 0.99, 'category': 'Aceite y vinagre', 'store_id': 'condisline', 'quantity': '0,99€/Litro'}
[2025-05-19 14:33:16] Supabase Response: data=[{'name': 'VINAGRE CONDIS NEGRO 1 L', 'price': 0.99, 'category': 'Aceite y vinagre', 'store_id': 'condisline', 'quantity': '0,99€/Litro', 'id': '9832583f-5459-4f34-89af-17aa1cb10404', 'created_at': '2025-05-19T11:33:18.770554'}] count=None
[2025-05-19 14:33:16] ✅ Successfully inserted: VINAGRE CONDIS NEGRO 1 L
[2025-05-19 14:33:16] Attempting to insert product: {'name': 'VINAGRE BORGES DE JEREZ 250 ML', 'price': 1.99, 'category': 'Aceite y vinagre', 'store_id': 'condisline', 'quantity': '7,96€/Litro'}
[2025-05-19 14:33:17] Supabase Response: data=[{'name': 'VINAGRE BORGES DE JEREZ 250 ML', 'price': 1.99, 'category': 'Aceite y vinagre', 'store_id': 'condisline', 'quantity': '7,96€/Litro', 'id': 'a904bdeb-38d0-455a-a1f9-00509872d838', 'created_at': '2025-05-19T11:33:19.069382'}] count=None
[2025-05-19 14:33:17] ✅ Successfully inserted: VINAGRE BORGES DE JEREZ 250 ML
[2025-05-19 14:33:17] Attempting to insert product: {'name': 'ACEITE DE OLIVA CARBONELL VIRGEN EXTRA GRAN SELECCIÓN 75 CL', 'price': 5.99, 'category': 'Aceite y vinagre', 'store_id': 'condisline', 'quantity': '7,99€/Litro'}
[2025-05-19 14:33:17] Supabase Response: data=[{'name': 'ACEITE DE OLIVA CARBONELL VIRGEN EXTRA GRAN SELECCIÓN 75 CL', 'price': 5.99, 'category': 'Aceite y vinagre', 'store_id': 'condisline', 'quantity': '7,99€/Litro', 'id': 'f7ba9bd8-019f-40a6-ad75-cdfca09d2e10', 'created_at': '2025-05-19T11:33:19.341676'}] count=None
[2025-05-19 14:33:17] ✅ Successfully inserted: ACEITE DE OLIVA CARBONELL VIRGEN EXTRA GRAN SELECCIÓN 75 CL
[2025-05-19 14:33:17] Attempting to insert product: {'name': 'ACEITE OLIVA CARBONELL SABOR 1 L', 'price': 5.45, 'category': 'Aceite y vinagre', 'store_id': 'condisline', 'quantity': '5,45€/Litro'}
[2025-05-19 14:33:17] Supabase Response: data=[{'name': 'ACEITE OLIVA CARBONELL SABOR 1 L', 'price': 5.45, 'category': 'Aceite y vinagre', 'store_id': 'condisline', 'quantity': '5,45€/Litro', 'id': 'b2ddd52f-9f71-4c4c-874f-72b37fcad635', 'created_at': '2025-05-19T11:33:19.581278'}] count=None
[2025-05-19 14:33:17] ✅ Successfully inserted: ACEITE OLIVA CARBONELL SABOR 1 L
[2025-05-19 14:33:17] Attempting to insert product: {'name': 'ACEITE LA MASIA SUMMUM 1º 1 L', 'price': 5.19, 'category': 'Aceite y vinagre', 'store_id': 'condisline', 'quantity': '5,19€/Litro'}
[2025-05-19 14:33:18] Supabase Response: data=[{'name': 'ACEITE LA MASIA SUMMUM 1º 1 L', 'price': 5.19, 'category': 'Aceite y vinagre', 'store_id': 'condisline', 'quantity': '5,19€/Litro', 'id': 'd6fd8820-debf-42b7-9648-955308568e67', 'created_at': '2025-05-19T11:33:19.964251'}] count=None
[2025-05-19 14:33:18] ✅ Successfully inserted: ACEITE LA MASIA SUMMUM 1º 1 L
[2025-05-19 14:33:18] Attempting to insert product: {'name': 'VINAGRE CONDIS SIDRA 75 CL', 'price': 1.45, 'category': 'Aceite y vinagre', 'store_id': 'condisline', 'quantity': '1,93€/Litro'}
[2025-05-19 14:33:18] Supabase Response: data=[{'name': 'VINAGRE CONDIS SIDRA 75 CL', 'price': 1.45, 'category': 'Aceite y vinagre', 'store_id': 'condisline', 'quantity': '1,93€/Litro', 'id': '76aaa7a9-7186-452d-9ec0-121707e7b694', 'created_at': '2025-05-19T11:33:20.182209'}] count=None
[2025-05-19 14:33:18] ✅ Successfully inserted: VINAGRE CONDIS SIDRA 75 CL
[2025-05-19 14:33:18] Attempting to insert product: {'name': 'ACEITE BORGESOL GIRASOL 2 L', 'price': 5.65, 'category': 'Aceite y vinagre', 'store_id': 'condisline', 'quantity': '2,83€/Litro'}
[2025-05-19 14:33:18] Supabase Response: data=[{'name': 'ACEITE BORGESOL GIRASOL 2 L', 'price': 5.65, 'category': 'Aceite y vinagre', 'store_id': 'condisline', 'quantity': '2,83€/Litro', 'id': '720c65b7-d8a7-41ef-803e-4824be154b79', 'created_at': '2025-05-19T11:33:20.48877'}] count=None
[2025-05-19 14:33:18] ✅ Successfully inserted: ACEITE BORGESOL GIRASOL 2 L
[2025-05-19 14:33:18] Attempting to insert product: {'name': 'VINAGRE BORGES BLANCO 1 L', 'price': 1.29, 'category': 'Aceite y vinagre', 'store_id': 'condisline', 'quantity': '1,29€/Litro'}
[2025-05-19 14:33:18] Supabase Response: data=[{'name': 'VINAGRE BORGES BLANCO 1 L', 'price': 1.29, 'category': 'Aceite y vinagre', 'store_id': 'condisline', 'quantity': '1,29€/Litro', 'id': '9f0bd40f-42b3-432e-b7d4-b2ac303608f3', 'created_at': '2025-05-19T11:33:20.768774'}] count=None
[2025-05-19 14:33:18] ✅ Successfully inserted: VINAGRE BORGES BLANCO 1 L
[2025-05-19 14:33:18] Attempting to insert product: {'name': 'ACEITE CONDIS GIRASOL 5 L', 'price': 8.7, 'category': 'Aceite y vinagre', 'store_id': 'condisline', 'quantity': '1,74€/Litro'}
[2025-05-19 14:33:19] Supabase Response: data=[{'name': 'ACEITE CONDIS GIRASOL 5 L', 'price': 8.7, 'category': 'Aceite y vinagre', 'store_id': 'condisline', 'quantity': '1,74€/Litro', 'id': 'fc47c4df-33f7-459d-b3cf-e142605ae11c', 'created_at': '2025-05-19T11:33:20.993406'}] count=None
[2025-05-19 14:33:19] ✅ Successfully inserted: ACEITE CONDIS GIRASOL 5 L
[2025-05-19 14:33:19] Attempting to insert product: {'name': 'VINAGRE CONDIS BLANCO 50 CL', 'price': 0.55, 'category': 'Aceite y vinagre', 'store_id': 'condisline', 'quantity': '1,10€/Litro'}
[2025-05-19 14:33:19] Supabase Response: data=[{'name': 'VINAGRE CONDIS BLANCO 50 CL', 'price': 0.55, 'category': 'Aceite y vinagre', 'store_id': 'condisline', 'quantity': '1,10€/Litro', 'id': 'e0467cfe-8df9-4363-8c7b-cf2fe76b23fe', 'created_at': '2025-05-19T11:33:21.217218'}] count=None
[2025-05-19 14:33:19] ✅ Successfully inserted: VINAGRE CONDIS BLANCO 50 CL
[2025-05-19 14:33:19] Attempting to insert product: {'name': 'CREMA BALSÁMICA CONDIS MODENA 250 ML', 'price': 2.19, 'category': 'Aceite y vinagre', 'store_id': 'condisline', 'quantity': '8,76€/Litro'}
[2025-05-19 14:33:20] Supabase Response: data=[{'name': 'CREMA BALSÁMICA CONDIS MODENA 250 ML', 'price': 2.19, 'category': 'Aceite y vinagre', 'store_id': 'condisline', 'quantity': '8,76€/Litro', 'id': 'aec045a7-41e5-4639-9924-ebd45d4d384e', 'created_at': '2025-05-19T11:33:21.491133'}] count=None
[2025-05-19 14:33:20] ✅ Successfully inserted: CREMA BALSÁMICA CONDIS MODENA 250 ML
[2025-05-19 14:33:20] Attempting to insert product: {'name': 'ACEITE BORGES ESPECIAL FRITO 1 L', 'price': 2.99, 'category': 'Aceite y vinagre', 'store_id': 'condisline', 'quantity': '2,99€/Litro'}
[2025-05-19 14:33:20] Supabase Response: data=[{'name': 'ACEITE BORGES ESPECIAL FRITO 1 L', 'price': 2.99, 'category': 'Aceite y vinagre', 'store_id': 'condisline', 'quantity': '2,99€/Litro', 'id': '17222fcc-74f3-44d5-8661-077753c0f6bf', 'created_at': '2025-05-19T11:33:22.622954'}] count=None
[2025-05-19 14:33:20] ✅ Successfully inserted: ACEITE BORGES ESPECIAL FRITO 1 L
[2025-05-19 14:33:20] Attempting to insert product: {'name': 'ACEITE OLIVA CONDIS VIRGEN EXTRA ARBEQUINA 75 CL', 'price': 6.15, 'category': 'Aceite y vinagre', 'store_id': 'condisline', 'quantity': '8,20€/Litro'}
[2025-05-19 14:33:21] Supabase Response: data=[{'name': 'ACEITE OLIVA CONDIS VIRGEN EXTRA ARBEQUINA 75 CL', 'price': 6.15, 'category': 'Aceite y vinagre', 'store_id': 'condisline', 'quantity': '8,20€/Litro', 'id': '48aae54c-9030-46c8-a0c3-2103af30efbb', 'created_at': '2025-05-19T11:33:22.924188'}] count=None
[2025-05-19 14:33:21] ✅ Successfully inserted: ACEITE OLIVA CONDIS VIRGEN EXTRA ARBEQUINA 75 CL
[2025-05-19 14:33:21] Attempting to insert product: {'name': 'ACEITE VIRGEN EXTRA OLISCASTELLO ARBEQUINA 750 ML', 'price': 6.99, 'category': 'Aceite y vinagre', 'store_id': 'condisline', 'quantity': '9,32€/Litro'}
[2025-05-19 14:33:21] Supabase Response: data=[{'name': 'ACEITE VIRGEN EXTRA OLISCASTELLO ARBEQUINA 750 ML', 'price': 6.99, 'category': 'Aceite y vinagre', 'store_id': 'condisline', 'quantity': '9,32€/Litro', 'id': 'cd469e63-0510-4a78-87be-0f4bb7972510', 'created_at': '2025-05-19T11:33:23.239941'}] count=None
[2025-05-19 14:33:21] ✅ Successfully inserted: ACEITE VIRGEN EXTRA OLISCASTELLO ARBEQUINA 750 ML
[2025-05-19 14:33:21] Attempting to insert product: {'name': 'ACEITE KOIPESOL GIRASOL 3 L', 'price': 8.19, 'category': 'Aceite y vinagre', 'store_id': 'condisline', 'quantity': '2,73€/Litro'}
[2025-05-19 14:33:22] Supabase Response: data=[{'name': 'ACEITE KOIPESOL GIRASOL 3 L', 'price': 8.19, 'category': 'Aceite y vinagre', 'store_id': 'condisline', 'quantity': '2,73€/Litro', 'id': '4a09708a-2666-4625-85e5-3a45e84f8659', 'created_at': '2025-05-19T11:33:23.471253'}] count=None
[2025-05-19 14:33:22] ✅ Successfully inserted: ACEITE KOIPESOL GIRASOL 3 L
[2025-05-19 14:33:22] Attempting to insert product: {'name': 'ACEITE DE OLIVA BARGALLÓ VIRGEN EXTRA ARBEQUINA 750 ML', 'price': 9.49, 'category': 'Aceite y vinagre', 'store_id': 'condisline', 'quantity': '12,65€/Litro'}
[2025-05-19 14:33:22] Supabase Response: data=[{'name': 'ACEITE DE OLIVA BARGALLÓ VIRGEN EXTRA ARBEQUINA 750 ML', 'price': 9.49, 'category': 'Aceite y vinagre', 'store_id': 'condisline', 'quantity': '12,65€/Litro', 'id': '4b518c03-a9d5-44d3-a0f8-071ad45ab301', 'created_at': '2025-05-19T11:33:24.173923'}] count=None
[2025-05-19 14:33:22] ✅ Successfully inserted: ACEITE DE OLIVA BARGALLÓ VIRGEN EXTRA ARBEQUINA 750 ML
[2025-05-19 14:33:22] Attempting to insert product: {'name': 'ACEITE CARBONELL OLIVA 0.4º 3 L', 'price': 18.45, 'category': 'Aceite y vinagre', 'store_id': 'condisline', 'quantity': '6,15€/Litro'}
[2025-05-19 14:33:22] Supabase Response: data=[{'name': 'ACEITE CARBONELL OLIVA 0.4º 3 L', 'price': 18.45, 'category': 'Aceite y vinagre', 'store_id': 'condisline', 'quantity': '6,15€/Litro', 'id': 'e0bfb292-1c84-4e03-a80f-867a6d7bec80', 'created_at': '2025-05-19T11:33:24.463758'}] count=None
[2025-05-19 14:33:22] ✅ Successfully inserted: ACEITE CARBONELL OLIVA 0.4º 3 L
[2025-05-19 14:33:22] Attempting to insert product: {'name': 'ACEITE KOIPESOL GIRASOL 1 L', 'price': 2.75, 'category': 'Aceite y vinagre', 'store_id': 'condisline', 'quantity': '2,75€/Litro'}
[2025-05-19 14:33:23] Supabase Response: data=[{'name': 'ACEITE KOIPESOL GIRASOL 1 L', 'price': 2.75, 'category': 'Aceite y vinagre', 'store_id': 'condisline', 'quantity': '2,75€/Litro', 'id': '5434b76e-f657-4093-b15c-ea0636cc0a73', 'created_at': '2025-05-19T11:33:24.774134'}] count=None
[2025-05-19 14:33:23] ✅ Successfully inserted: ACEITE KOIPESOL GIRASOL 1 L
[2025-05-19 14:33:23] Attempting to insert product: {'name': 'ACEITE OLIVA FLOR DE OLIVO VIRGEN EXTRA 1 L', 'price': 6.15, 'category': 'Aceite y vinagre', 'store_id': 'condisline', 'quantity': '6,15€/Litro'}
[2025-05-19 14:33:23] Supabase Response: data=[{'name': 'ACEITE OLIVA FLOR DE OLIVO VIRGEN EXTRA 1 L', 'price': 6.15, 'category': 'Aceite y vinagre', 'store_id': 'condisline', 'quantity': '6,15€/Litro', 'id': '249f22a5-543c-49a8-a109-3980b596a002', 'created_at': '2025-05-19T11:33:25.48544'}] count=None
[2025-05-19 14:33:23] ✅ Successfully inserted: ACEITE OLIVA FLOR DE OLIVO VIRGEN EXTRA 1 L
[2025-05-19 14:33:23] Attempting to insert product: {'name': 'ACEITE OLIVA 0.4 CARBONELL SPRAY ESPECIAL FREIDORA DE AIRE 200 ML', 'price': 2.99, 'category': 'Aceite y vinagre', 'store_id': 'condisline', 'quantity': '14,95€/Litro'}
[2025-05-19 14:33:24] Supabase Response: data=[{'name': 'ACEITE OLIVA 0.4 CARBONELL SPRAY ESPECIAL FREIDORA DE AIRE 200 ML', 'price': 2.99, 'category': 'Aceite y vinagre', 'store_id': 'condisline', 'quantity': '14,95€/Litro', 'id': '84c42346-6aee-4970-918d-9e425f5a1126', 'created_at': '2025-05-19T11:33:25.811768'}] count=None
[2025-05-19 14:33:24] ✅ Successfully inserted: ACEITE OLIVA 0.4 CARBONELL SPRAY ESPECIAL FREIDORA DE AIRE 200 ML
[2025-05-19 14:33:24] Attempting to insert product: {'name': 'SALSA FLORETTE FRUTOS ROJOS 250 ML', 'price': 2.25, 'category': 'Aceite y vinagre', 'store_id': 'condisline', 'quantity': '9,00€/Litro'}
[2025-05-19 14:33:24] Supabase Response: data=[{'name': 'SALSA FLORETTE FRUTOS ROJOS 250 ML', 'price': 2.25, 'category': 'Aceite y vinagre', 'store_id': 'condisline', 'quantity': '9,00€/Litro', 'id': 'a7639a1c-3b47-42fe-b49c-a2a192884b27', 'created_at': '2025-05-19T11:33:26.118743'}] count=None
[2025-05-19 14:33:24] ✅ Successfully inserted: SALSA FLORETTE FRUTOS ROJOS 250 ML
[2025-05-19 14:33:24] Attempting to insert product: {'name': 'SALSA FLORETTE CESAR 250 ML', 'price': 2.25, 'category': 'Aceite y vinagre', 'store_id': 'condisline', 'quantity': '9,00€/Litro'}
[2025-05-19 14:33:24] Supabase Response: data=[{'name': 'SALSA FLORETTE CESAR 250 ML', 'price': 2.25, 'category': 'Aceite y vinagre', 'store_id': 'condisline', 'quantity': '9,00€/Litro', 'id': 'df7035cf-ae52-4aa6-8622-debf071345b5', 'created_at': '2025-05-19T11:33:26.417299'}] count=None
[2025-05-19 14:33:24] ✅ Successfully inserted: SALSA FLORETTE CESAR 250 ML
[2025-05-19 14:33:24] Attempting to insert product: {'name': 'CREMA BORGES BALSÁMICA FRAMBUESA 250 G', 'price': 3.39, 'category': 'Aceite y vinagre', 'store_id': 'condisline', 'quantity': '13,56€/Litro'}
[2025-05-19 14:33:24] Supabase Response: data=[{'name': 'CREMA BORGES BALSÁMICA FRAMBUESA 250 G', 'price': 3.39, 'category': 'Aceite y vinagre', 'store_id': 'condisline', 'quantity': '13,56€/Litro', 'id': '3397bafa-0bb9-42ec-b404-856da79113c0', 'created_at': '2025-05-19T11:33:26.66106'}] count=None
[2025-05-19 14:33:24] ✅ Successfully inserted: CREMA BORGES BALSÁMICA FRAMBUESA 250 G
[2025-05-19 14:33:24] Attempting to insert product: {'name': 'ACEITE OLIVA FLOR DE OLIVO VIRGEN EXTRA CRISTAL 500 ML', 'price': 4.39, 'category': 'Aceite y vinagre', 'store_id': 'condisline', 'quantity': '8,78€/Litro'}
[2025-05-19 14:33:25] Supabase Response: data=[{'name': 'ACEITE OLIVA FLOR DE OLIVO VIRGEN EXTRA CRISTAL 500 ML', 'price': 4.39, 'category': 'Aceite y vinagre', 'store_id': 'condisline', 'quantity': '8,78€/Litro', 'id': 'b53dd129-99e1-401d-a3e6-5d8ce2949abc', 'created_at': '2025-05-19T11:33:27.019936'}] count=None
[2025-05-19 14:33:25] ✅ Successfully inserted: ACEITE OLIVA FLOR DE OLIVO VIRGEN EXTRA CRISTAL 500 ML
[2025-05-19 14:33:25] Attempting to insert product: {'name': 'ACEITE BORGES CON PIMIENTA DE CAYENA Y ESPECIAS 200 ML', 'price': 3.99, 'category': 'Aceite y vinagre', 'store_id': 'condisline', 'quantity': '19,95€/Litro'}
[2025-05-19 14:33:25] Supabase Response: data=[{'name': 'ACEITE BORGES CON PIMIENTA DE CAYENA Y ESPECIAS 200 ML', 'price': 3.99, 'category': 'Aceite y vinagre', 'store_id': 'condisline', 'quantity': '19,95€/Litro', 'id': '3975ae32-c8a1-4b43-9d7f-1dc6b287fa2f', 'created_at': '2025-05-19T11:33:27.262679'}] count=None
[2025-05-19 14:33:25] ✅ Successfully inserted: ACEITE BORGES CON PIMIENTA DE CAYENA Y ESPECIAS 200 ML
[2025-05-19 14:33:25] Attempting to insert product: {'name': 'ACEITE OLEAURUM VIRGEN EXTRA D.O. SIURANA 750 ML', 'price': 11.89, 'category': 'Aceite y vinagre', 'store_id': 'condisline', 'quantity': '15,85€/Litro'}
[2025-05-19 14:33:25] Supabase Response: data=[{'name': 'ACEITE OLEAURUM VIRGEN EXTRA D.O. SIURANA 750 ML', 'price': 11.89, 'category': 'Aceite y vinagre', 'store_id': 'condisline', 'quantity': '15,85€/Litro', 'id': '6b88c27c-8ff5-4e02-a452-2ab47ea373a4', 'created_at': '2025-05-19T11:33:27.579835'}] count=None
[2025-05-19 14:33:25] ✅ Successfully inserted: ACEITE OLEAURUM VIRGEN EXTRA D.O. SIURANA 750 ML
[2025-05-19 14:33:25] Attempting to insert product: {'name': 'ACEITE BORGES ALBAHACA FRESCA 200 ML', 'price': 3.99, 'category': 'Aceite y vinagre', 'store_id': 'condisline', 'quantity': '19,95€/Litro'}
[2025-05-19 14:33:26] Supabase Response: data=[{'name': 'ACEITE BORGES ALBAHACA FRESCA 200 ML', 'price': 3.99, 'category': 'Aceite y vinagre', 'store_id': 'condisline', 'quantity': '19,95€/Litro', 'id': '88a7d641-e95c-430c-bc97-c058b0516b1a', 'created_at': '2025-05-19T11:33:27.851353'}] count=None
[2025-05-19 14:33:26] ✅ Successfully inserted: ACEITE BORGES ALBAHACA FRESCA 200 ML
[2025-05-19 14:33:26] Attempting to insert product: {'name': 'ACEITE VIRGEN EXTRA BORGES ARBEQUINA 250 ML', 'price': 3.1, 'category': 'Aceite y vinagre', 'store_id': 'condisline', 'quantity': '12,40€/Litro'}
[2025-05-19 14:33:26] Supabase Response: data=[{'name': 'ACEITE VIRGEN EXTRA BORGES ARBEQUINA 250 ML', 'price': 3.1, 'category': 'Aceite y vinagre', 'store_id': 'condisline', 'quantity': '12,40€/Litro', 'id': 'c7eda3da-fd91-4f99-a1c7-dea212dbd548', 'created_at': '2025-05-19T11:33:28.164797'}] count=None
[2025-05-19 14:33:26] ✅ Successfully inserted: ACEITE VIRGEN EXTRA BORGES ARBEQUINA 250 ML
[2025-05-19 14:33:26] Attempting to insert product: {'name': 'SALSA FLORETTE MÓDENA Y MIEL 250 ML', 'price': 2.25, 'category': 'Aceite y vinagre', 'store_id': 'condisline', 'quantity': '9,00€/Litro'}
[2025-05-19 14:33:26] Supabase Response: data=[{'name': 'SALSA FLORETTE MÓDENA Y MIEL 250 ML', 'price': 2.25, 'category': 'Aceite y vinagre', 'store_id': 'condisline', 'quantity': '9,00€/Litro', 'id': 'f4f5608e-9894-4bf2-a936-8bbc7222da47', 'created_at': '2025-05-19T11:33:28.474721'}] count=None
[2025-05-19 14:33:26] ✅ Successfully inserted: SALSA FLORETTE MÓDENA Y MIEL 250 ML
[2025-05-19 14:33:26] Attempting to insert product: {'name': 'ACEITE FONTASOL GIRASOL 1 L', 'price': 1.99, 'category': 'Aceite y vinagre', 'store_id': 'condisline', 'quantity': '1,99€/Litro'}
[2025-05-19 14:33:26] Supabase Response: data=[{'name': 'ACEITE FONTASOL GIRASOL 1 L', 'price': 1.99, 'category': 'Aceite y vinagre', 'store_id': 'condisline', 'quantity': '1,99€/Litro', 'id': 'acd93115-8627-44a8-a3a0-19fc05bd4dbc', 'created_at': '2025-05-19T11:33:28.767774'}] count=None
[2025-05-19 14:33:26] ✅ Successfully inserted: ACEITE FONTASOL GIRASOL 1 L
[2025-05-19 14:33:26] Attempting to insert product: {'name': 'ACEITE VIRGEN EXTRA OLI CASTELLO HOJIBLANCA 1 L', 'price': 8.99, 'category': 'Aceite y vinagre', 'store_id': 'condisline', 'quantity': '8,99€/Litro'}
[2025-05-19 14:33:27] Supabase Response: data=[{'name': 'ACEITE VIRGEN EXTRA OLI CASTELLO HOJIBLANCA 1 L', 'price': 8.99, 'category': 'Aceite y vinagre', 'store_id': 'condisline', 'quantity': '8,99€/Litro', 'id': '0cc9147f-8f66-4adf-a8fb-4002f9943391', 'created_at': '2025-05-19T11:33:28.988588'}] count=None
[2025-05-19 14:33:27] ✅ Successfully inserted: ACEITE VIRGEN EXTRA OLI CASTELLO HOJIBLANCA 1 L
[2025-05-19 14:33:27] Attempting to insert product: {'name': 'ACEITE FONTOLIVA ORUJO 1 L', 'price': 3.29, 'category': 'Aceite y vinagre', 'store_id': 'condisline', 'quantity': '3,29€/Litro'}
[2025-05-19 14:33:27] Supabase Response: data=[{'name': 'ACEITE FONTOLIVA ORUJO 1 L', 'price': 3.29, 'category': 'Aceite y vinagre', 'store_id': 'condisline', 'quantity': '3,29€/Litro', 'id': 'df409d9e-a000-4b00-b7c5-362b7082f868', 'created_at': '2025-05-19T11:33:29.38539'}] count=None
[2025-05-19 14:33:27] ✅ Successfully inserted: ACEITE FONTOLIVA ORUJO 1 L
[2025-05-19 14:33:27] Attempting to insert product: {'name': 'ZUMO LIMASOL LIMA 280 ML', 'price': 1.49, 'category': 'Aceite y vinagre', 'store_id': 'condisline', 'quantity': '5,32€/Litro'}
[2025-05-19 14:33:28] Supabase Response: data=[{'name': 'ZUMO LIMASOL LIMA 280 ML', 'price': 1.49, 'category': 'Aceite y vinagre', 'store_id': 'condisline', 'quantity': '5,32€/Litro', 'id': 'f6e500ce-c850-4edc-a499-33b58f847c5c', 'created_at': '2025-05-19T11:33:29.5997'}] count=None
[2025-05-19 14:33:28] ✅ Successfully inserted: ZUMO LIMASOL LIMA 280 ML
[2025-05-19 14:33:28] Attempting to insert product: {'name': 'ACEITE VIRGEN EXTRA CAPRICHO ANDALUZ MONODOSIS 10 UNIDADES X 10 ML', 'price': 2.39, 'category': 'Aceite y vinagre', 'store_id': 'condisline', 'quantity': '23,90€/Litro'}
[2025-05-19 14:33:28] Supabase Response: data=[{'name': 'ACEITE VIRGEN EXTRA CAPRICHO ANDALUZ MONODOSIS 10 UNIDADES X 10 ML', 'price': 2.39, 'category': 'Aceite y vinagre', 'store_id': 'condisline', 'quantity': '23,90€/Litro', 'id': 'da849f9a-e5ec-4d75-ae30-c58fa0bd82b1', 'created_at': '2025-05-19T11:33:30.31875'}] count=None
[2025-05-19 14:33:28] ✅ Successfully inserted: ACEITE VIRGEN EXTRA CAPRICHO ANDALUZ MONODOSIS 10 UNIDADES X 10 ML
[2025-05-19 14:33:28] Attempting to insert product: {'name': 'CREMA BALSÁMICA BORGES TRUFA 250 ML', 'price': 3.39, 'category': 'Aceite y vinagre', 'store_id': 'condisline', 'quantity': '13,56€/Litro'}
[2025-05-19 14:33:28] Supabase Response: data=[{'name': 'CREMA BALSÁMICA BORGES TRUFA 250 ML', 'price': 3.39, 'category': 'Aceite y vinagre', 'store_id': 'condisline', 'quantity': '13,56€/Litro', 'id': 'e6ffc7bd-3743-4bad-8ec1-8947fb9cdfd0', 'created_at': '2025-05-19T11:33:30.703353'}] count=None
[2025-05-19 14:33:28] ✅ Successfully inserted: CREMA BALSÁMICA BORGES TRUFA 250 ML
[2025-05-19 14:33:28] Attempting to insert product: {'name': 'ALIÑO SURINVER AJO Y PEREJIL 140 G', 'price': 1.99, 'category': 'Aceite y vinagre', 'store_id': 'condisline', 'quantity': '14,21€/Kilo'}
[2025-05-19 14:33:29] Supabase Response: data=[{'name': 'ALIÑO SURINVER AJO Y PEREJIL 140 G', 'price': 1.99, 'category': 'Aceite y vinagre', 'store_id': 'condisline', 'quantity': '14,21€/Kilo', 'id': '9bfbf001-ec9b-48bc-8a3d-96ef79d97c45', 'created_at': '2025-05-19T11:33:30.918778'}] count=None
[2025-05-19 14:33:29] ✅ Successfully inserted: ALIÑO SURINVER AJO Y PEREJIL 140 G
[2025-05-19 14:33:29] Attempting to insert product: {'name': 'VINAGRE BADIA ECOLOGICO 500 ML', 'price': 3.69, 'category': 'Aceite y vinagre', 'store_id': 'condisline', 'quantity': '7,38€/Litro'}
[2025-05-19 14:33:29] Supabase Response: data=[{'name': 'VINAGRE BADIA ECOLOGICO 500 ML', 'price': 3.69, 'category': 'Aceite y vinagre', 'store_id': 'condisline', 'quantity': '7,38€/Litro', 'id': '8e37e3f4-4ccc-4783-985c-e64182d3e1c1', 'created_at': '2025-05-19T11:33:31.220516'}] count=None
[2025-05-19 14:33:29] ✅ Successfully inserted: VINAGRE BADIA ECOLOGICO 500 ML
[2025-05-19 14:33:44] Attempting to insert product: {'name': 'TOMATE SOLIS FRITO ARTESANO 350 G', 'price': 2.29, 'category': 'Sal, salsas y especias', 'store_id': 'condisline', 'quantity': '6,54€/Kilo'}
[2025-05-19 14:33:44] Supabase Response: data=[{'name': 'TOMATE SOLIS FRITO ARTESANO 350 G', 'price': 2.29, 'category': 'Sal, salsas y especias', 'store_id': 'condisline', 'quantity': '6,54€/Kilo', 'id': 'f4cec678-0db4-4192-be0f-7c691cbc4493', 'created_at': '2025-05-19T11:33:46.69497'}] count=None
[2025-05-19 14:33:44] ✅ Successfully inserted: TOMATE SOLIS FRITO ARTESANO 350 G
[2025-05-19 14:33:44] Attempting to insert product: {'name': 'TOMATE FRITO ORLANDO ACEITE DE OLIVA BRICK 350 G', 'price': 1.55, 'category': 'Sal, salsas y especias', 'store_id': 'condisline', 'quantity': '4,43€/Kilo'}
[2025-05-19 14:33:45] Supabase Response: data=[{'name': 'TOMATE FRITO ORLANDO ACEITE DE OLIVA BRICK 350 G', 'price': 1.55, 'category': 'Sal, salsas y especias', 'store_id': 'condisline', 'quantity': '4,43€/Kilo', 'id': 'a0b5e7fe-39b4-4f85-9a4e-7dd170df40cc', 'created_at': '2025-05-19T11:33:47.013882'}] count=None
[2025-05-19 14:33:45] ✅ Successfully inserted: TOMATE FRITO ORLANDO ACEITE DE OLIVA BRICK 350 G
[2025-05-19 14:33:45] Attempting to insert product: {'name': 'KETCHUP REALFOODIN S/AZUCARES 340 G', 'price': 2.99, 'category': 'Sal, salsas y especias', 'store_id': 'condisline', 'quantity': '8,79€/Kilo'}
[2025-05-19 14:33:45] Supabase Response: data=[{'name': 'KETCHUP REALFOODIN S/AZUCARES 340 G', 'price': 2.99, 'category': 'Sal, salsas y especias', 'store_id': 'condisline', 'quantity': '8,79€/Kilo', 'id': 'f5369f9b-3f34-4bf3-9e4e-145738e2c261', 'created_at': '2025-05-19T11:33:47.233578'}] count=None
[2025-05-19 14:33:45] ✅ Successfully inserted: KETCHUP REALFOODIN S/AZUCARES 340 G
[2025-05-19 14:33:45] Attempting to insert product: {'name': 'SALSA OLD EL PASO GUACAMOLE 320 G', 'price': 3.39, 'category': 'Sal, salsas y especias', 'store_id': 'condisline', 'quantity': '10,59€/Kilo'}
[2025-05-19 14:33:45] Supabase Response: data=[{'name': 'SALSA OLD EL PASO GUACAMOLE 320 G', 'price': 3.39, 'category': 'Sal, salsas y especias', 'store_id': 'condisline', 'quantity': '10,59€/Kilo', 'id': 'c26ee7e9-a1eb-4eb1-ba90-7e6feaef2ea7', 'created_at': '2025-05-19T11:33:47.527421'}] count=None
[2025-05-19 14:33:45] ✅ Successfully inserted: SALSA OLD EL PASO GUACAMOLE 320 G
[2025-05-19 14:33:45] Attempting to insert product: {'name': 'SALSA OLD EL PASO QUESO SUAVE 320 G', 'price': 3.59, 'category': 'Sal, salsas y especias', 'store_id': 'condisline', 'quantity': '11,22€/Kilo'}
[2025-05-19 14:33:46] Supabase Response: data=[{'name': 'SALSA OLD EL PASO QUESO SUAVE 320 G', 'price': 3.59, 'category': 'Sal, salsas y especias', 'store_id': 'condisline', 'quantity': '11,22€/Kilo', 'id': '3b2c0b8c-d55a-4be2-a165-21b664c3068c', 'created_at': '2025-05-19T11:33:47.808283'}] count=None
[2025-05-19 14:33:46] ✅ Successfully inserted: SALSA OLD EL PASO QUESO SUAVE 320 G
[2025-05-19 14:33:46] Attempting to insert product: {'name': 'TOMATE  FRITO ORLANDO BRIK 3 UNIDADES X 212 G', 'price': 1.59, 'category': 'Sal, salsas y especias', 'store_id': 'condisline', 'quantity': '2,50€/Kilo'}
[2025-05-19 14:33:46] Supabase Response: data=[{'name': 'TOMATE  FRITO ORLANDO BRIK 3 UNIDADES X 212 G', 'price': 1.59, 'category': 'Sal, salsas y especias', 'store_id': 'condisline', 'quantity': '2,50€/Kilo', 'id': 'e596403a-b02c-43e0-b3dd-0ef9d0e2104b', 'created_at': '2025-05-19T11:33:48.115938'}] count=None
[2025-05-19 14:33:46] ✅ Successfully inserted: TOMATE  FRITO ORLANDO BRIK 3 UNIDADES X 212 G
[2025-05-19 14:33:46] Attempting to insert product: {'name': 'SALSA FERRER BRAVA ORIGINAL 320 G', 'price': 2.49, 'category': 'Sal, salsas y especias', 'store_id': 'condisline', 'quantity': '7,78€/Kilo'}
[2025-05-19 14:33:46] Supabase Response: data=[{'name': 'SALSA FERRER BRAVA ORIGINAL 320 G', 'price': 2.49, 'category': 'Sal, salsas y especias', 'store_id': 'condisline', 'quantity': '7,78€/Kilo', 'id': '7393450f-1822-4c8d-97ef-c44a1c863d33', 'created_at': '2025-05-19T11:33:48.335073'}] count=None
[2025-05-19 14:33:46] ✅ Successfully inserted: SALSA FERRER BRAVA ORIGINAL 320 G
[2025-05-19 14:33:46] Attempting to insert product: {'name': 'KÉTCHUP HEINZ TOMATO 460 G', 'price': 2.85, 'category': 'Sal, salsas y especias', 'store_id': 'condisline', 'quantity': '6,20€/Kilo'}
[2025-05-19 14:33:46] Supabase Response: data=[{'name': 'KÉTCHUP HEINZ TOMATO 460 G', 'price': 2.85, 'category': 'Sal, salsas y especias', 'store_id': 'condisline', 'quantity': '6,20€/Kilo', 'id': 'ee5ec2a9-fa9a-446f-90b3-88f445842692', 'created_at': '2025-05-19T11:33:48.625282'}] count=None
[2025-05-19 14:33:46] ✅ Successfully inserted: KÉTCHUP HEINZ TOMATO 460 G
[2025-05-19 14:33:46] Attempting to insert product: {'name': 'KÉTCHUP HEINZ 50% AZÚCAR 500 ML', 'price': 3.39, 'category': 'Sal, salsas y especias', 'store_id': 'condisline', 'quantity': '6,78€/Kilo'}
[2025-05-19 14:33:47] Supabase Response: data=[{'name': 'KÉTCHUP HEINZ 50% AZÚCAR 500 ML', 'price': 3.39, 'category': 'Sal, salsas y especias', 'store_id': 'condisline', 'quantity': '6,78€/Kilo', 'id': '4eeabab2-767b-43a2-81bd-2a03b2eb7e11', 'created_at': '2025-05-19T11:33:49.035814'}] count=None
[2025-05-19 14:33:47] ✅ Successfully inserted: KÉTCHUP HEINZ 50% AZÚCAR 500 ML
[2025-05-19 14:33:47] Attempting to insert product: {'name': 'MAYONESA HEINZ DELICIOSA PET 400 G', 'price': 2.49, 'category': 'Sal, salsas y especias', 'store_id': 'condisline', 'quantity': '6,23€/Kilo'}
[2025-05-19 14:33:47] Supabase Response: data=[{'name': 'MAYONESA HEINZ DELICIOSA PET 400 G', 'price': 2.49, 'category': 'Sal, salsas y especias', 'store_id': 'condisline', 'quantity': '6,23€/Kilo', 'id': '6cd6ad9a-5bc5-4ed3-be05-bf65c1f94326', 'created_at': '2025-05-19T11:33:49.444696'}] count=None
[2025-05-19 14:33:47] ✅ Successfully inserted: MAYONESA HEINZ DELICIOSA PET 400 G
[2025-05-19 14:33:47] Attempting to insert product: {'name': 'SALSA CALVÉ CASERA 430 G', 'price': 1.85, 'category': 'Sal, salsas y especias', 'store_id': 'condisline', 'quantity': '4,30€/Kilo'}
[2025-05-19 14:33:48] Supabase Response: data=[{'name': 'SALSA CALVÉ CASERA 430 G', 'price': 1.85, 'category': 'Sal, salsas y especias', 'store_id': 'condisline', 'quantity': '4,30€/Kilo', 'id': 'd0cb0c49-05fd-478f-876e-52c3c411b006', 'created_at': '2025-05-19T11:33:49.976229'}] count=None
[2025-05-19 14:33:48] ✅ Successfully inserted: SALSA CALVÉ CASERA 430 G
[2025-05-19 14:33:48] Attempting to insert product: {'name': 'SALSA HEINZ SOJA 150 ML', 'price': 2.49, 'category': 'Sal, salsas y especias', 'store_id': 'condisline', 'quantity': '16,60€/Litro'}
[2025-05-19 14:33:49] Supabase Response: data=[{'name': 'SALSA HEINZ SOJA 150 ML', 'price': 2.49, 'category': 'Sal, salsas y especias', 'store_id': 'condisline', 'quantity': '16,60€/Litro', 'id': 'b649583b-9e64-44a0-87bc-35ce65836f07', 'created_at': '2025-05-19T11:33:50.261284'}] count=None
[2025-05-19 14:33:49] ✅ Successfully inserted: SALSA HEINZ SOJA 150 ML
[2025-05-19 14:33:49] Attempting to insert product: {'name': 'SALSA PRÉSIDENT BECHAMEL 2 UNIDADES', 'price': 3.99, 'category': 'Sal, salsas y especias', 'store_id': 'condisline', 'quantity': '7,98€/Litro'}
[2025-05-19 14:33:49] Supabase Response: data=[{'name': 'SALSA PRÉSIDENT BECHAMEL 2 UNIDADES', 'price': 3.99, 'category': 'Sal, salsas y especias', 'store_id': 'condisline', 'quantity': '7,98€/Litro', 'id': '29df6d0d-4228-4a1b-beab-2028abb58839', 'created_at': '2025-05-19T11:33:51.80106'}] count=None
[2025-05-19 14:33:49] ✅ Successfully inserted: SALSA PRÉSIDENT BECHAMEL 2 UNIDADES
[2025-05-19 14:33:49] Attempting to insert product: {'name': 'KETCHUP PRIMA ORIGINAL 540 G', 'price': 2.39, 'category': 'Sal, salsas y especias', 'store_id': 'condisline', 'quantity': '4,43€/Kilo'}
[2025-05-19 14:33:50] Supabase Response: data=[{'name': 'KETCHUP PRIMA ORIGINAL 540 G', 'price': 2.39, 'category': 'Sal, salsas y especias', 'store_id': 'condisline', 'quantity': '4,43€/Kilo', 'id': '91eb6801-0dd6-41b7-849a-77a1b2dc0995', 'created_at': '2025-05-19T11:33:52.017338'}] count=None
[2025-05-19 14:33:50] ✅ Successfully inserted: KETCHUP PRIMA ORIGINAL 540 G
[2025-05-19 14:33:50] Attempting to insert product: {'name': 'SALSA PRÉSIDENT BECHAMEL SIN GLUTEN 500 ML', 'price': 3.29, 'category': 'Sal, salsas y especias', 'store_id': 'condisline', 'quantity': '6,58€/Kilo'}
[2025-05-19 14:33:50] Supabase Response: data=[{'name': 'SALSA PRÉSIDENT BECHAMEL SIN GLUTEN 500 ML', 'price': 3.29, 'category': 'Sal, salsas y especias', 'store_id': 'condisline', 'quantity': '6,58€/Kilo', 'id': '98639ddc-91be-41c2-993e-05b02ff376ba', 'created_at': '2025-05-19T11:33:52.313908'}] count=None
[2025-05-19 14:33:50] ✅ Successfully inserted: SALSA PRÉSIDENT BECHAMEL SIN GLUTEN 500 ML
[2025-05-19 14:33:50] Attempting to insert product: {'name': 'TOMATE REALFOODIN FRITO TARRO 300 G', 'price': 2.95, 'category': 'Sal, salsas y especias', 'store_id': 'condisline', 'quantity': '9,83€/Kilo'}
[2025-05-19 14:33:50] Supabase Response: data=[{'name': 'TOMATE REALFOODIN FRITO TARRO 300 G', 'price': 2.95, 'category': 'Sal, salsas y especias', 'store_id': 'condisline', 'quantity': '9,83€/Kilo', 'id': 'f587cf10-d222-429a-be72-957287e0f277', 'created_at': '2025-05-19T11:33:52.527887'}] count=None
[2025-05-19 14:33:50] ✅ Successfully inserted: TOMATE REALFOODIN FRITO TARRO 300 G
[2025-05-19 14:33:50] Attempting to insert product: {'name': 'SALSA YBARRA COCKTAIL 225 G', 'price': 1.55, 'category': 'Sal, salsas y especias', 'store_id': 'condisline', 'quantity': '6,89€/Kilo'}
[2025-05-19 14:33:50] Supabase Response: data=[{'name': 'SALSA YBARRA COCKTAIL 225 G', 'price': 1.55, 'category': 'Sal, salsas y especias', 'store_id': 'condisline', 'quantity': '6,89€/Kilo', 'id': '86067204-02b1-419a-aea7-f0539852323d', 'created_at': '2025-05-19T11:33:52.744565'}] count=None
[2025-05-19 14:33:50] ✅ Successfully inserted: SALSA YBARRA COCKTAIL 225 G
[2025-05-19 14:33:50] Attempting to insert product: {'name': 'TOMATE ORLANDO FRITO CRISTAL 340 G', 'price': 1.0, 'category': 'Sal, salsas y especias', 'store_id': 'condisline', 'quantity': '2,94€/Kilo'}
[2025-05-19 14:33:51] Supabase Response: data=[{'name': 'TOMATE ORLANDO FRITO CRISTAL 340 G', 'price': 1.0, 'category': 'Sal, salsas y especias', 'store_id': 'condisline', 'quantity': '2,94€/Kilo', 'id': 'db3cdf9f-93f8-4b3c-aa9a-d03c09572803', 'created_at': '2025-05-19T11:33:53.029067'}] count=None
[2025-05-19 14:33:51] ✅ Successfully inserted: TOMATE ORLANDO FRITO CRISTAL 340 G
[2025-05-19 14:33:51] Attempting to insert product: {'name': 'MAYONESA PRIMA ORIGINAL 400 G', 'price': 1.79, 'category': 'Sal, salsas y especias', 'store_id': 'condisline', 'quantity': '4,48€/Kilo'}
[2025-05-19 14:33:51] Supabase Response: data=[{'name': 'MAYONESA PRIMA ORIGINAL 400 G', 'price': 1.79, 'category': 'Sal, salsas y especias', 'store_id': 'condisline', 'quantity': '4,48€/Kilo', 'id': '84e3796c-8976-4076-aef8-5c8e0ac6edc2', 'created_at': '2025-05-19T11:33:53.336437'}] count=None
[2025-05-19 14:33:51] ✅ Successfully inserted: MAYONESA PRIMA ORIGINAL 400 G
[2025-05-19 14:33:51] Attempting to insert product: {'name': 'SALSA CHOVI KEBAB WHITE 250 G', 'price': 2.19, 'category': 'Sal, salsas y especias', 'store_id': 'condisline', 'quantity': '8,76€/Kilo'}
[2025-05-19 14:33:52] Supabase Response: data=[{'name': 'SALSA CHOVI KEBAB WHITE 250 G', 'price': 2.19, 'category': 'Sal, salsas y especias', 'store_id': 'condisline', 'quantity': '8,76€/Kilo', 'id': '38bd9e61-f5ee-4708-b81a-a09e208f6432', 'created_at': '2025-05-19T11:33:53.847316'}] count=None
[2025-05-19 14:33:52] ✅ Successfully inserted: SALSA CHOVI KEBAB WHITE 250 G
[2025-05-19 14:33:52] Attempting to insert product: {'name': 'TOMATE SOLÍS FRITO FRASCO 360 G', 'price': 1.49, 'category': 'Sal, salsas y especias', 'store_id': 'condisline', 'quantity': '4,14€/Kilo'}
[2025-05-19 14:33:52] Supabase Response: data=[{'name': 'TOMATE SOLÍS FRITO FRASCO 360 G', 'price': 1.49, 'category': 'Sal, salsas y especias', 'store_id': 'condisline', 'quantity': '4,14€/Kilo', 'id': 'efec57fd-0202-4955-9ae6-ab6bd6a56d09', 'created_at': '2025-05-19T11:33:54.152639'}] count=None
[2025-05-19 14:33:52] ✅ Successfully inserted: TOMATE SOLÍS FRITO FRASCO 360 G
[2025-05-19 14:33:52] Attempting to insert product: {'name': 'SOFRITO TOMATE CASERO FERRER 350 G', 'price': 2.25, 'category': 'Sal, salsas y especias', 'store_id': 'condisline', 'quantity': '6,43€/Kilo'}
[2025-05-19 14:33:52] Supabase Response: data=[{'name': 'SOFRITO TOMATE CASERO FERRER 350 G', 'price': 2.25, 'category': 'Sal, salsas y especias', 'store_id': 'condisline', 'quantity': '6,43€/Kilo', 'id': 'ff8d92c1-6a03-4954-a6ad-1f07243f83a3', 'created_at': '2025-05-19T11:33:54.485194'}] count=None
[2025-05-19 14:33:52] ✅ Successfully inserted: SOFRITO TOMATE CASERO FERRER 350 G
[2025-05-19 14:33:52] Attempting to insert product: {'name': 'TOMATE FRITO SOLÍS 350 G', 'price': 0.89, 'category': 'Sal, salsas y especias', 'store_id': 'condisline', 'quantity': '2,54€/Kilo'}
[2025-05-19 14:33:53] Supabase Response: data=[{'name': 'TOMATE FRITO SOLÍS 350 G', 'price': 0.89, 'category': 'Sal, salsas y especias', 'store_id': 'condisline', 'quantity': '2,54€/Kilo', 'id': 'abc8afc4-0b7a-4126-9fc1-90d4f4e529cc', 'created_at': '2025-05-19T11:33:54.776925'}] count=None
[2025-05-19 14:33:53] ✅ Successfully inserted: TOMATE FRITO SOLÍS 350 G
[2025-05-19 14:33:53] Attempting to insert product: {'name': 'TOMATE FRITO FERRER CASERO ACEITE OLIVA 350 G', 'price': 2.35, 'category': 'Sal, salsas y especias', 'store_id': 'condisline', 'quantity': '6,71€/Kilo'}
[2025-05-19 14:33:53] Supabase Response: data=[{'name': 'TOMATE FRITO FERRER CASERO ACEITE OLIVA 350 G', 'price': 2.35, 'category': 'Sal, salsas y especias', 'store_id': 'condisline', 'quantity': '6,71€/Kilo', 'id': 'f8914ca5-35be-4f4f-b8a4-ad9a316e9962', 'created_at': '2025-05-19T11:33:55.082087'}] count=None
[2025-05-19 14:33:53] ✅ Successfully inserted: TOMATE FRITO FERRER CASERO ACEITE OLIVA 350 G
[2025-05-19 14:33:53] Attempting to insert product: {'name': 'SAL MARINA CONDIS 1 KG', 'price': 0.35, 'category': 'Sal, salsas y especias', 'store_id': 'condisline', 'quantity': '0,35€/Kilo'}
[2025-05-19 14:33:54] Supabase Response: data=[{'name': 'SAL MARINA CONDIS 1 KG', 'price': 0.35, 'category': 'Sal, salsas y especias', 'store_id': 'condisline', 'quantity': '0,35€/Kilo', 'id': '86df8372-df17-4ea5-857d-696257829f3e', 'created_at': '2025-05-19T11:33:55.490353'}] count=None
[2025-05-19 14:33:54] ✅ Successfully inserted: SAL MARINA CONDIS 1 KG
[2025-05-19 14:33:54] Attempting to insert product: {'name': 'TOMATE FRITO CONDIS 390 G', 'price': 0.65, 'category': 'Sal, salsas y especias', 'store_id': 'condisline', 'quantity': '1,67€/Kilo'}
[2025-05-19 14:33:54] Supabase Response: data=[{'name': 'TOMATE FRITO CONDIS 390 G', 'price': 0.65, 'category': 'Sal, salsas y especias', 'store_id': 'condisline', 'quantity': '1,67€/Kilo', 'id': '814a2af9-4b13-4d02-849e-0a11cce089e3', 'created_at': '2025-05-19T11:33:56.425793'}] count=None
[2025-05-19 14:33:54] ✅ Successfully inserted: TOMATE FRITO CONDIS 390 G
[2025-05-19 14:33:54] Attempting to insert product: {'name': 'TOMATE FRITO SOLÍS 725 G', 'price': 2.65, 'category': 'Sal, salsas y especias', 'store_id': 'condisline', 'quantity': '3,66€/Kilo'}
[2025-05-19 14:33:54] Supabase Response: data=[{'name': 'TOMATE FRITO SOLÍS 725 G', 'price': 2.65, 'category': 'Sal, salsas y especias', 'store_id': 'condisline', 'quantity': '3,66€/Kilo', 'id': '17384c88-a71c-4bfe-b8eb-eeb626765cf2', 'created_at': '2025-05-19T11:33:56.718763'}] count=None
[2025-05-19 14:33:54] ✅ Successfully inserted: TOMATE FRITO SOLÍS 725 G
[2025-05-19 14:33:54] Attempting to insert product: {'name': 'TOMATE FRITO CONDIS PACK 3 UNIDADES 630 G', 'price': 1.0, 'category': 'Sal, salsas y especias', 'store_id': 'condisline', 'quantity': '1,59€/Kilo'}
[2025-05-19 14:33:55] Supabase Response: data=[{'name': 'TOMATE FRITO CONDIS PACK 3 UNIDADES 630 G', 'price': 1.0, 'category': 'Sal, salsas y especias', 'store_id': 'condisline', 'quantity': '1,59€/Kilo', 'id': 'b8862eb8-090a-4b2d-85c3-c291951dd7c9', 'created_at': '2025-05-19T11:33:57.031021'}] count=None
[2025-05-19 14:33:55] ✅ Successfully inserted: TOMATE FRITO CONDIS PACK 3 UNIDADES 630 G
[2025-05-19 14:33:55] Attempting to insert product: {'name': 'SOFRITO GALLINA BLANCA TOMATE CEBOLLA 350 G', 'price': 2.25, 'category': 'Sal, salsas y especias', 'store_id': 'condisline', 'quantity': '6,43€/Kilo'}
[2025-05-19 14:33:55] Supabase Response: data=[{'name': 'SOFRITO GALLINA BLANCA TOMATE CEBOLLA 350 G', 'price': 2.25, 'category': 'Sal, salsas y especias', 'store_id': 'condisline', 'quantity': '6,43€/Kilo', 'id': '528971ed-3249-435a-9163-6bfa20aa1984', 'created_at': '2025-05-19T11:33:57.245658'}] count=None
[2025-05-19 14:33:55] ✅ Successfully inserted: SOFRITO GALLINA BLANCA TOMATE CEBOLLA 350 G
[2025-05-19 14:33:55] Attempting to insert product: {'name': "MAYONESA HELLMANN'S 450 G", 'price': 3.25, 'category': 'Sal, salsas y especias', 'store_id': 'condisline', 'quantity': '7,22€/Kilo'}
[2025-05-19 14:33:55] Supabase Response: data=[{'name': "MAYONESA HELLMANN'S 450 G", 'price': 3.25, 'category': 'Sal, salsas y especias', 'store_id': 'condisline', 'quantity': '7,22€/Kilo', 'id': '5627a097-7d76-4ced-a9e5-de47908b36b1', 'created_at': '2025-05-19T11:33:57.535264'}] count=None
[2025-05-19 14:33:55] ✅ Successfully inserted: MAYONESA HELLMANN'S 450 G
[2025-05-19 14:33:55] Attempting to insert product: {'name': 'TOMATE FRITO SOLÍS 140 G', 'price': 0.82, 'category': 'Sal, salsas y especias', 'store_id': 'condisline', 'quantity': '5,86€/Kilo'}
[2025-05-19 14:33:56] Supabase Response: data=[{'name': 'TOMATE FRITO SOLÍS 140 G', 'price': 0.82, 'category': 'Sal, salsas y especias', 'store_id': 'condisline', 'quantity': '5,86€/Kilo', 'id': '86f77f5e-5a1c-4906-b573-24b8c0ef6247', 'created_at': '2025-05-19T11:33:57.823335'}] count=None
[2025-05-19 14:33:56] ✅ Successfully inserted: TOMATE FRITO SOLÍS 140 G
[2025-05-19 14:33:56] Attempting to insert product: {'name': 'SALSA FINA LIGERESA ORIGINAL 210 ML', 'price': 1.59, 'category': 'Sal, salsas y especias', 'store_id': 'condisline', 'quantity': '7,57€/Kilo'}
[2025-05-19 14:33:56] Supabase Response: data=[{'name': 'SALSA FINA LIGERESA ORIGINAL 210 ML', 'price': 1.59, 'category': 'Sal, salsas y especias', 'store_id': 'condisline', 'quantity': '7,57€/Kilo', 'id': '82c0f619-e765-4488-9a38-1ac9a6268243', 'created_at': '2025-05-19T11:33:58.167638'}] count=None
[2025-05-19 14:33:56] ✅ Successfully inserted: SALSA FINA LIGERESA ORIGINAL 210 ML
[2025-05-19 14:33:56] Attempting to insert product: {'name': 'TOMATE FRITO CASERO SOLÍS 350 G', 'price': 1.85, 'category': 'Sal, salsas y especias', 'store_id': 'condisline', 'quantity': '5,29€/Kilo'}
[2025-05-19 14:33:56] Supabase Response: data=[{'name': 'TOMATE FRITO CASERO SOLÍS 350 G', 'price': 1.85, 'category': 'Sal, salsas y especias', 'store_id': 'condisline', 'quantity': '5,29€/Kilo', 'id': 'e9bf10be-26a6-4505-94c4-196fbce2763c', 'created_at': '2025-05-19T11:33:58.524849'}] count=None
[2025-05-19 14:33:56] ✅ Successfully inserted: TOMATE FRITO CASERO SOLÍS 350 G
[2025-05-19 14:33:56] Attempting to insert product: {'name': "MAYONESA HELLMANN'S 225 G", 'price': 1.95, 'category': 'Sal, salsas y especias', 'store_id': 'condisline', 'quantity': '8,67€/Kilo'}
[2025-05-19 14:33:57] Supabase Response: data=[{'name': "MAYONESA HELLMANN'S 225 G", 'price': 1.95, 'category': 'Sal, salsas y especias', 'store_id': 'condisline', 'quantity': '8,67€/Kilo', 'id': '0aad523f-543d-40b6-91e5-a9b47f34ee9c', 'created_at': '2025-05-19T11:33:58.861648'}] count=None
[2025-05-19 14:33:57] ✅ Successfully inserted: MAYONESA HELLMANN'S 225 G
[2025-05-19 14:33:57] Attempting to insert product: {'name': 'SAL COSTA YODO + FLÚOR 1 KG', 'price': 0.85, 'category': 'Sal, salsas y especias', 'store_id': 'condisline', 'quantity': '0,85€/Kilo'}
[2025-05-19 14:33:57] Supabase Response: data=[{'name': 'SAL COSTA YODO + FLÚOR 1 KG', 'price': 0.85, 'category': 'Sal, salsas y especias', 'store_id': 'condisline', 'quantity': '0,85€/Kilo', 'id': '21e543b8-22c0-4094-8f00-be08c7a0740b', 'created_at': '2025-05-19T11:33:59.101845'}] count=None
[2025-05-19 14:33:57] ✅ Successfully inserted: SAL COSTA YODO + FLÚOR 1 KG
[2025-05-19 14:33:57] Attempting to insert product: {'name': "MAYONESA HELLMANN'S BOCABAJO 430 ML", 'price': 3.49, 'category': 'Sal, salsas y especias', 'store_id': 'condisline', 'quantity': '8,12€/Kilo'}
[2025-05-19 14:33:57] Supabase Response: data=[{'name': "MAYONESA HELLMANN'S BOCABAJO 430 ML", 'price': 3.49, 'category': 'Sal, salsas y especias', 'store_id': 'condisline', 'quantity': '8,12€/Kilo', 'id': '08646213-625b-4bcc-b3b7-4c5cc67eb592', 'created_at': '2025-05-19T11:33:59.320598'}] count=None
[2025-05-19 14:33:57] ✅ Successfully inserted: MAYONESA HELLMANN'S BOCABAJO 430 ML
[2025-05-19 14:33:57] Attempting to insert product: {'name': 'TOMATE CONDIS FRITO VIDRIO 560 G', 'price': 0.95, 'category': 'Sal, salsas y especias', 'store_id': 'condisline', 'quantity': '1,70€/Kilo'}
[2025-05-19 14:33:57] Supabase Response: data=[{'name': 'TOMATE CONDIS FRITO VIDRIO 560 G', 'price': 0.95, 'category': 'Sal, salsas y especias', 'store_id': 'condisline', 'quantity': '1,70€/Kilo', 'id': '86ab1d8d-3217-4159-bb9a-eb4c7e6eba16', 'created_at': '2025-05-19T11:33:59.554511'}] count=None
[2025-05-19 14:33:57] ✅ Successfully inserted: TOMATE CONDIS FRITO VIDRIO 560 G
[2025-05-19 14:33:57] Attempting to insert product: {'name': 'SALSA BARILLA PESTO GENOVESE 190 G', 'price': 2.99, 'category': 'Sal, salsas y especias', 'store_id': 'condisline', 'quantity': '15,74€/Kilo'}
[2025-05-19 14:33:57] Supabase Response: data=[{'name': 'SALSA BARILLA PESTO GENOVESE 190 G', 'price': 2.99, 'category': 'Sal, salsas y especias', 'store_id': 'condisline', 'quantity': '15,74€/Kilo', 'id': 'a284f575-c1a7-4ec8-88c7-db1a496467f3', 'created_at': '2025-05-19T11:33:59.813263'}] count=None
[2025-05-19 14:33:57] ✅ Successfully inserted: SALSA BARILLA PESTO GENOVESE 190 G
[2025-05-19 14:33:57] Attempting to insert product: {'name': 'KÉTCHUP HEINZ TOMATO 700 G', 'price': 3.75, 'category': 'Sal, salsas y especias', 'store_id': 'condisline', 'quantity': '5,36€/Kilo'}
[2025-05-19 14:33:58] Supabase Response: data=[{'name': 'KÉTCHUP HEINZ TOMATO 700 G', 'price': 3.75, 'category': 'Sal, salsas y especias', 'store_id': 'condisline', 'quantity': '5,36€/Kilo', 'id': 'a85c3360-707f-45ab-87ac-e0fcc75d3ad3', 'created_at': '2025-05-19T11:34:00.046093'}] count=None
[2025-05-19 14:33:58] ✅ Successfully inserted: KÉTCHUP HEINZ TOMATO 700 G
[2025-05-19 14:33:58] Attempting to insert product: {'name': 'TOMATE FRITO SOLIS CASERO 3 UNIDADES X 100 G', 'price': 2.15, 'category': 'Sal, salsas y especias', 'store_id': 'condisline', 'quantity': '7,17€/Kilo'}
[2025-05-19 14:33:58] Supabase Response: data=[{'name': 'TOMATE FRITO SOLIS CASERO 3 UNIDADES X 100 G', 'price': 2.15, 'category': 'Sal, salsas y especias', 'store_id': 'condisline', 'quantity': '7,17€/Kilo', 'id': '84290eaa-6d2b-4bf5-9a95-c838be7ddcf5', 'created_at': '2025-05-19T11:34:00.310575'}] count=None
[2025-05-19 14:33:58] ✅ Successfully inserted: TOMATE FRITO SOLIS CASERO 3 UNIDADES X 100 G
[2025-05-19 14:33:58] Attempting to insert product: {'name': 'SOFRITO GALLINA BLANCA TOMATE Y VERDURAS 350 G', 'price': 2.25, 'category': 'Sal, salsas y especias', 'store_id': 'condisline', 'quantity': '6,43€/Kilo'}
[2025-05-19 14:33:58] Supabase Response: data=[{'name': 'SOFRITO GALLINA BLANCA TOMATE Y VERDURAS 350 G', 'price': 2.25, 'category': 'Sal, salsas y especias', 'store_id': 'condisline', 'quantity': '6,43€/Kilo', 'id': '574dc2ca-3ffa-4138-86c2-8c5952054a99', 'created_at': '2025-05-19T11:34:00.535144'}] count=None
[2025-05-19 14:33:58] ✅ Successfully inserted: SOFRITO GALLINA BLANCA TOMATE Y VERDURAS 350 G
[2025-05-19 14:33:58] Attempting to insert product: {'name': 'TOMATE FRITO ORLANDO 780 G', 'price': 1.95, 'category': 'Sal, salsas y especias', 'store_id': 'condisline', 'quantity': '2,50€/Kilo'}
[2025-05-19 14:33:58] Supabase Response: data=[{'name': 'TOMATE FRITO ORLANDO 780 G', 'price': 1.95, 'category': 'Sal, salsas y especias', 'store_id': 'condisline', 'quantity': '2,50€/Kilo', 'id': '665c113d-49b0-4fc1-8ed8-49c0e6d57298', 'created_at': '2025-05-19T11:34:00.789967'}] count=None
[2025-05-19 14:33:58] ✅ Successfully inserted: TOMATE FRITO ORLANDO 780 G
[2025-05-19 14:33:58] Attempting to insert product: {'name': 'SALSA FINA LIGERESA ORIGINAL TARRO 425 ML', 'price': 2.35, 'category': 'Sal, salsas y especias', 'store_id': 'condisline', 'quantity': '5,53€/Kilo'}
[2025-05-19 14:33:59] Supabase Response: data=[{'name': 'SALSA FINA LIGERESA ORIGINAL TARRO 425 ML', 'price': 2.35, 'category': 'Sal, salsas y especias', 'store_id': 'condisline', 'quantity': '5,53€/Kilo', 'id': '9590021c-6c7a-446b-aca4-3245b6e99430', 'created_at': '2025-05-19T11:34:01.035071'}] count=None
[2025-05-19 14:33:59] ✅ Successfully inserted: SALSA FINA LIGERESA ORIGINAL TARRO 425 ML
[2025-05-19 14:33:59] Attempting to insert product: {'name': 'TOMATE SOLIS FRASCO ACEITE OLIVA 360 G', 'price': 1.69, 'category': 'Sal, salsas y especias', 'store_id': 'condisline', 'quantity': '4,69€/Kilo'}
[2025-05-19 14:33:59] Supabase Response: data=[{'name': 'TOMATE SOLIS FRASCO ACEITE OLIVA 360 G', 'price': 1.69, 'category': 'Sal, salsas y especias', 'store_id': 'condisline', 'quantity': '4,69€/Kilo', 'id': '5358d578-b61d-407b-b8fe-54556b97af4e', 'created_at': '2025-05-19T11:34:01.260467'}] count=None
[2025-05-19 14:33:59] ✅ Successfully inserted: TOMATE SOLIS FRASCO ACEITE OLIVA 360 G
[2025-05-19 14:33:59] Attempting to insert product: {'name': 'PIMIENTA CONDIS NEGRA MOLIDA 45 G', 'price': 1.05, 'category': 'Sal, salsas y especias', 'store_id': 'condisline', 'quantity': '23,33€/Kilo'}
[2025-05-19 14:33:59] Supabase Response: data=[{'name': 'PIMIENTA CONDIS NEGRA MOLIDA 45 G', 'price': 1.05, 'category': 'Sal, salsas y especias', 'store_id': 'condisline', 'quantity': '23,33€/Kilo', 'id': '34132c12-cf0e-43fb-a9e8-eabc3b7f3db0', 'created_at': '2025-05-19T11:34:01.496365'}] count=None
[2025-05-19 14:33:59] ✅ Successfully inserted: PIMIENTA CONDIS NEGRA MOLIDA 45 G
[2025-05-19 14:33:59] Attempting to insert product: {'name': 'LAUREL HOJA DANI BOLSA 10 G', 'price': 0.95, 'category': 'Sal, salsas y especias', 'store_id': 'condisline', 'quantity': ''}
[2025-05-19 14:33:59] Supabase Response: data=[{'name': 'LAUREL HOJA DANI BOLSA 10 G', 'price': 0.95, 'category': 'Sal, salsas y especias', 'store_id': 'condisline', 'quantity': '', 'id': 'b3d05eee-50e2-4ed4-9f83-765dd258a690', 'created_at': '2025-05-19T11:34:01.74006'}] count=None
[2025-05-19 14:33:59] ✅ Successfully inserted: LAUREL HOJA DANI BOLSA 10 G
[2025-05-19 14:33:59] Attempting to insert product: {'name': 'BICARBONATO SAL COSTA USO DOMESTICO 200 G', 'price': 1.07, 'category': 'Sal, salsas y especias', 'store_id': 'condisline', 'quantity': '5,35€/Kilo'}
[2025-05-19 14:34:00] Supabase Response: data=[{'name': 'BICARBONATO SAL COSTA USO DOMESTICO 200 G', 'price': 1.07, 'category': 'Sal, salsas y especias', 'store_id': 'condisline', 'quantity': '5,35€/Kilo', 'id': 'bb39ceb0-7f27-44af-9e16-4b0e2794f9a7', 'created_at': '2025-05-19T11:34:01.957364'}] count=None
[2025-05-19 14:34:00] ✅ Successfully inserted: BICARBONATO SAL COSTA USO DOMESTICO 200 G
[2025-05-19 14:34:00] Attempting to insert product: {'name': 'TOMATE FRITO ORLANDO 350 G', 'price': 0.99, 'category': 'Sal, salsas y especias', 'store_id': 'condisline', 'quantity': '2,83€/Kilo'}
[2025-05-19 14:34:00] Supabase Response: data=[{'name': 'TOMATE FRITO ORLANDO 350 G', 'price': 0.99, 'category': 'Sal, salsas y especias', 'store_id': 'condisline', 'quantity': '2,83€/Kilo', 'id': '4ab9f992-fd32-4b54-9004-1c49e229101d', 'created_at': '2025-05-19T11:34:02.216942'}] count=None
[2025-05-19 14:34:00] ✅ Successfully inserted: TOMATE FRITO ORLANDO 350 G
[2025-05-19 14:34:00] Attempting to insert product: {'name': 'OREGANO CONDIS HOJA 1 UNIDAD', 'price': 0.79, 'category': 'Sal, salsas y especias', 'store_id': 'condisline', 'quantity': '71,82€/Kilo'}
[2025-05-19 14:34:00] Supabase Response: data=[{'name': 'OREGANO CONDIS HOJA 1 UNIDAD', 'price': 0.79, 'category': 'Sal, salsas y especias', 'store_id': 'condisline', 'quantity': '71,82€/Kilo', 'id': 'a9f52910-d214-436a-92ee-e84e9f4dbb39', 'created_at': '2025-05-19T11:34:02.444093'}] count=None
[2025-05-19 14:34:00] ✅ Successfully inserted: OREGANO CONDIS HOJA 1 UNIDAD
[2025-05-19 14:34:00] Attempting to insert product: {'name': 'SALSA GALLO PESTO 190 G', 'price': 2.53, 'category': 'Sal, salsas y especias', 'store_id': 'condisline', 'quantity': '13,32€/Kilo'}
[2025-05-19 14:34:00] Supabase Response: data=[{'name': 'SALSA GALLO PESTO 190 G', 'price': 2.53, 'category': 'Sal, salsas y especias', 'store_id': 'condisline', 'quantity': '13,32€/Kilo', 'id': '0b3f5849-bee9-4499-9075-b2ad3c147747', 'created_at': '2025-05-19T11:34:02.690862'}] count=None
[2025-05-19 14:34:00] ✅ Successfully inserted: SALSA GALLO PESTO 190 G
[2025-05-19 14:34:00] Attempting to insert product: {'name': 'MAYONESA CONDIS PET BOCABAJO 475 G', 'price': 1.59, 'category': 'Sal, salsas y especias', 'store_id': 'condisline', 'quantity': '3,35€/Kilo'}
[2025-05-19 14:34:01] Supabase Response: data=[{'name': 'MAYONESA CONDIS PET BOCABAJO 475 G', 'price': 1.59, 'category': 'Sal, salsas y especias', 'store_id': 'condisline', 'quantity': '3,35€/Kilo', 'id': 'cc7eb9a5-2cfd-43ce-884b-ea8baaaf0841', 'created_at': '2025-05-19T11:34:02.967619'}] count=None
[2025-05-19 14:34:01] ✅ Successfully inserted: MAYONESA CONDIS PET BOCABAJO 475 G
[2025-05-19 14:34:01] Attempting to insert product: {'name': 'SALSA GALLO BOLOÑESA 230 G', 'price': 2.15, 'category': 'Sal, salsas y especias', 'store_id': 'condisline', 'quantity': '9,35€/Kilo'}
[2025-05-19 14:34:01] Supabase Response: data=[{'name': 'SALSA GALLO BOLOÑESA 230 G', 'price': 2.15, 'category': 'Sal, salsas y especias', 'store_id': 'condisline', 'quantity': '9,35€/Kilo', 'id': 'fa18ab96-e703-42ec-a15f-32350130def2', 'created_at': '2025-05-19T11:34:03.182362'}] count=None
[2025-05-19 14:34:01] ✅ Successfully inserted: SALSA GALLO BOLOÑESA 230 G
[2025-05-19 14:34:01] Attempting to insert product: {'name': 'AJO  MOLIDO CONDIS 55 G', 'price': 1.01, 'category': 'Sal, salsas y especias', 'store_id': 'condisline', 'quantity': '18,36€/Kilo'}
[2025-05-19 14:34:01] Supabase Response: data=[{'name': 'AJO  MOLIDO CONDIS 55 G', 'price': 1.01, 'category': 'Sal, salsas y especias', 'store_id': 'condisline', 'quantity': '18,36€/Kilo', 'id': '8437e36d-0109-499c-b283-eddefb2a7c50', 'created_at': '2025-05-19T11:34:03.481256'}] count=None
[2025-05-19 14:34:01] ✅ Successfully inserted: AJO  MOLIDO CONDIS 55 G
[2025-05-19 14:34:01] Attempting to insert product: {'name': 'SALSA FINA LIGERESA BOCABAJO 430 ML', 'price': 2.65, 'category': 'Sal, salsas y especias', 'store_id': 'condisline', 'quantity': '6,16€/Kilo'}
[2025-05-19 14:34:01] Supabase Response: data=[{'name': 'SALSA FINA LIGERESA BOCABAJO 430 ML', 'price': 2.65, 'category': 'Sal, salsas y especias', 'store_id': 'condisline', 'quantity': '6,16€/Kilo', 'id': 'dbf7c20a-0af2-4ff5-9852-9cb80dbb5333', 'created_at': '2025-05-19T11:34:03.697817'}] count=None
[2025-05-19 14:34:01] ✅ Successfully inserted: SALSA FINA LIGERESA BOCABAJO 430 ML
[2025-05-19 14:34:01] Attempting to insert product: {'name': 'SAZONADOR OLD EL PASO FAJITAS 30 G', 'price': 1.39, 'category': 'Sal, salsas y especias', 'store_id': 'condisline', 'quantity': '46,33€/Kilo'}
[2025-05-19 14:34:02] Supabase Response: data=[{'name': 'SAZONADOR OLD EL PASO FAJITAS 30 G', 'price': 1.39, 'category': 'Sal, salsas y especias', 'store_id': 'condisline', 'quantity': '46,33€/Kilo', 'id': 'b22a79fa-b576-4b7e-a007-cdbe44ffff55', 'created_at': '2025-05-19T11:34:03.994292'}] count=None
[2025-05-19 14:34:02] ✅ Successfully inserted: SAZONADOR OLD EL PASO FAJITAS 30 G
[2025-05-19 14:34:02] Attempting to insert product: {'name': 'SALSA HEINZ MOSTAZA SUAVE 220 G', 'price': 2.49, 'category': 'Sal, salsas y especias', 'store_id': 'condisline', 'quantity': '11,32€/Kilo'}
[2025-05-19 14:34:02] Supabase Response: data=[{'name': 'SALSA HEINZ MOSTAZA SUAVE 220 G', 'price': 2.49, 'category': 'Sal, salsas y especias', 'store_id': 'condisline', 'quantity': '11,32€/Kilo', 'id': 'adf58d11-1fb3-4094-b686-5bb34a80e52f', 'created_at': '2025-05-19T11:34:04.294202'}] count=None
[2025-05-19 14:34:02] ✅ Successfully inserted: SALSA HEINZ MOSTAZA SUAVE 220 G
[2025-05-19 14:34:02] Attempting to insert product: {'name': 'SALSA GALLO BOLOÑESA 350 G', 'price': 2.99, 'category': 'Sal, salsas y especias', 'store_id': 'condisline', 'quantity': '8,54€/Kilo'}
[2025-05-19 14:34:02] Supabase Response: data=[{'name': 'SALSA GALLO BOLOÑESA 350 G', 'price': 2.99, 'category': 'Sal, salsas y especias', 'store_id': 'condisline', 'quantity': '8,54€/Kilo', 'id': '35d5854d-0ac4-404e-9b47-8da15fc9b324', 'created_at': '2025-05-19T11:34:04.631107'}] count=None
[2025-05-19 14:34:02] ✅ Successfully inserted: SALSA GALLO BOLOÑESA 350 G
[2025-05-19 14:34:02] Attempting to insert product: {'name': 'KETCHUP PRIMA CERO AZUCARES 265 G', 'price': 2.19, 'category': 'Sal, salsas y especias', 'store_id': 'condisline', 'quantity': '8,26€/Kilo'}
[2025-05-19 14:34:03] Supabase Response: data=[{'name': 'KETCHUP PRIMA CERO AZUCARES 265 G', 'price': 2.19, 'category': 'Sal, salsas y especias', 'store_id': 'condisline', 'quantity': '8,26€/Kilo', 'id': '4c02adbb-2264-4cce-ab3e-c6172e724955', 'created_at': '2025-05-19T11:34:04.911601'}] count=None
[2025-05-19 14:34:03] ✅ Successfully inserted: KETCHUP PRIMA CERO AZUCARES 265 G
[2025-05-19 14:34:03] Attempting to insert product: {'name': 'PISTO GALLINA BLANCA CASERO VERDURAS 350 G', 'price': 2.25, 'category': 'Sal, salsas y especias', 'store_id': 'condisline', 'quantity': '6,43€/Kilo'}
[2025-05-19 14:34:03] Supabase Response: data=[{'name': 'PISTO GALLINA BLANCA CASERO VERDURAS 350 G', 'price': 2.25, 'category': 'Sal, salsas y especias', 'store_id': 'condisline', 'quantity': '6,43€/Kilo', 'id': 'eef08e7b-5cf8-46c1-8205-43cea8191082', 'created_at': '2025-05-19T11:34:05.122938'}] count=None
[2025-05-19 14:34:03] ✅ Successfully inserted: PISTO GALLINA BLANCA CASERO VERDURAS 350 G
[2025-05-19 14:34:03] Attempting to insert product: {'name': 'SAL MARINA FINA ECOLÓGICA ECO CESTA 1 KG', 'price': 1.79, 'category': 'Sal, salsas y especias', 'store_id': 'condisline', 'quantity': '1,79€/Kilo'}
[2025-05-19 14:34:03] Supabase Response: data=[{'name': 'SAL MARINA FINA ECOLÓGICA ECO CESTA 1 KG', 'price': 1.79, 'category': 'Sal, salsas y especias', 'store_id': 'condisline', 'quantity': '1,79€/Kilo', 'id': '25842239-8e4b-4eb3-8942-1a070c432642', 'created_at': '2025-05-19T11:34:05.348318'}] count=None
[2025-05-19 14:34:03] ✅ Successfully inserted: SAL MARINA FINA ECOLÓGICA ECO CESTA 1 KG
[2025-05-19 14:34:03] Attempting to insert product: {'name': 'SAL COSTA YODO 1 KG', 'price': 0.85, 'category': 'Sal, salsas y especias', 'store_id': 'condisline', 'quantity': '0,85€/Kilo'}
[2025-05-19 14:34:03] Supabase Response: data=[{'name': 'SAL COSTA YODO 1 KG', 'price': 0.85, 'category': 'Sal, salsas y especias', 'store_id': 'condisline', 'quantity': '0,85€/Kilo', 'id': 'fc927db5-ad5d-47f6-aa4e-cbb68627d103', 'created_at': '2025-05-19T11:34:05.604006'}] count=None
[2025-05-19 14:34:03] ✅ Successfully inserted: SAL COSTA YODO 1 KG
[2025-05-19 14:34:03] Attempting to insert product: {'name': 'MAYONESA KRAFT TRADICIONAL 500 G', 'price': 2.49, 'category': 'Sal, salsas y especias', 'store_id': 'condisline', 'quantity': '4,98€/Kilo'}
[2025-05-19 14:34:03] Supabase Response: data=[{'name': 'MAYONESA KRAFT TRADICIONAL 500 G', 'price': 2.49, 'category': 'Sal, salsas y especias', 'store_id': 'condisline', 'quantity': '4,98€/Kilo', 'id': 'fec2252d-8cb5-4bac-b1bd-9f12f3e480e8', 'created_at': '2025-05-19T11:34:05.824646'}] count=None
[2025-05-19 14:34:03] ✅ Successfully inserted: MAYONESA KRAFT TRADICIONAL 500 G
[2025-05-19 14:34:03] Attempting to insert product: {'name': 'SALSA GALLO NAPOLITANA 350 G', 'price': 2.36, 'category': 'Sal, salsas y especias', 'store_id': 'condisline', 'quantity': '6,74€/Kilo'}
[2025-05-19 14:34:04] Supabase Response: data=[{'name': 'SALSA GALLO NAPOLITANA 350 G', 'price': 2.36, 'category': 'Sal, salsas y especias', 'store_id': 'condisline', 'quantity': '6,74€/Kilo', 'id': '161dc0d0-99bf-4518-bba6-018bafdaf656', 'created_at': '2025-05-19T11:34:06.04447'}] count=None
[2025-05-19 14:34:04] ✅ Successfully inserted: SALSA GALLO NAPOLITANA 350 G
[2025-05-19 14:34:04] Attempting to insert product: {'name': 'SALSA GALLO PESTO ROSSO 190 G', 'price': 2.53, 'category': 'Sal, salsas y especias', 'store_id': 'condisline', 'quantity': '13,32€/Kilo'}
[2025-05-19 14:34:04] Supabase Response: data=[{'name': 'SALSA GALLO PESTO ROSSO 190 G', 'price': 2.53, 'category': 'Sal, salsas y especias', 'store_id': 'condisline', 'quantity': '13,32€/Kilo', 'id': 'c113748f-06ac-4bcf-ba60-4b6df6162761', 'created_at': '2025-05-19T11:34:06.269166'}] count=None
[2025-05-19 14:34:04] ✅ Successfully inserted: SALSA GALLO PESTO ROSSO 190 G
[2025-05-19 14:34:04] Attempting to insert product: {'name': 'TOMATE NATURAL CIRIO ESPECIAL PASTA 700 G', 'price': 3.19, 'category': 'Sal, salsas y especias', 'store_id': 'condisline', 'quantity': '4,56€/Kilo'}
[2025-05-19 14:34:04] Supabase Response: data=[{'name': 'TOMATE NATURAL CIRIO ESPECIAL PASTA 700 G', 'price': 3.19, 'category': 'Sal, salsas y especias', 'store_id': 'condisline', 'quantity': '4,56€/Kilo', 'id': 'f4a55887-2485-4b0e-9f79-3270d50399c9', 'created_at': '2025-05-19T11:34:06.489281'}] count=None
[2025-05-19 14:34:04] ✅ Successfully inserted: TOMATE NATURAL CIRIO ESPECIAL PASTA 700 G
[2025-05-19 14:34:04] Attempting to insert product: {'name': 'ALL I OLI BO DE DEBÒ  190 G', 'price': 2.25, 'category': 'Sal, salsas y especias', 'store_id': 'condisline', 'quantity': '11,84€/Kilo'}
[2025-05-19 14:34:05] Supabase Response: data=[{'name': 'ALL I OLI BO DE DEBÒ  190 G', 'price': 2.25, 'category': 'Sal, salsas y especias', 'store_id': 'condisline', 'quantity': '11,84€/Kilo', 'id': '1f3297d7-7c74-44d4-bdbc-14de5b916965', 'created_at': '2025-05-19T11:34:06.726025'}] count=None
[2025-05-19 14:34:05] ✅ Successfully inserted: ALL I OLI BO DE DEBÒ  190 G
[2025-05-19 14:34:05] Attempting to insert product: {'name': 'KÉTCHUP CONDIS PET 560 G', 'price': 1.15, 'category': 'Sal, salsas y especias', 'store_id': 'condisline', 'quantity': '2,05€/Kilo'}
[2025-05-19 14:34:05] Supabase Response: data=[{'name': 'KÉTCHUP CONDIS PET 560 G', 'price': 1.15, 'category': 'Sal, salsas y especias', 'store_id': 'condisline', 'quantity': '2,05€/Kilo', 'id': '614adaa3-8923-4d5b-9336-ef9224e25372', 'created_at': '2025-05-19T11:34:07.068387'}] count=None
[2025-05-19 14:34:05] ✅ Successfully inserted: KÉTCHUP CONDIS PET 560 G
[2025-05-19 14:34:05] Attempting to insert product: {'name': 'SALSA FERRER "ALL I OLI" 130 G', 'price': 1.89, 'category': 'Sal, salsas y especias', 'store_id': 'condisline', 'quantity': '14,54€/Kilo'}
[2025-05-19 14:34:05] Supabase Response: data=[{'name': 'SALSA FERRER "ALL I OLI" 130 G', 'price': 1.89, 'category': 'Sal, salsas y especias', 'store_id': 'condisline', 'quantity': '14,54€/Kilo', 'id': '01754d60-4bb0-4765-806a-06838f78c613', 'created_at': '2025-05-19T11:34:07.377672'}] count=None
[2025-05-19 14:34:05] ✅ Successfully inserted: SALSA FERRER "ALL I OLI" 130 G
[2025-05-19 14:34:05] Attempting to insert product: {'name': 'TOMATE SOLIS FRITO CASERO 550 G', 'price': 2.49, 'category': 'Sal, salsas y especias', 'store_id': 'condisline', 'quantity': '4,53€/Kilo'}
[2025-05-19 14:34:05] Supabase Response: data=[{'name': 'TOMATE SOLIS FRITO CASERO 550 G', 'price': 2.49, 'category': 'Sal, salsas y especias', 'store_id': 'condisline', 'quantity': '4,53€/Kilo', 'id': '5e23a25d-4b17-442b-afc7-8c2cc1e65c41', 'created_at': '2025-05-19T11:34:07.593904'}] count=None
[2025-05-19 14:34:05] ✅ Successfully inserted: TOMATE SOLIS FRITO CASERO 550 G
[2025-05-19 14:34:05] Attempting to insert product: {'name': 'CANELA CONDIS MOLIDA 40 G', 'price': 0.79, 'category': 'Sal, salsas y especias', 'store_id': 'condisline', 'quantity': '19,75€/Kilo'}
[2025-05-19 14:34:06] Supabase Response: data=[{'name': 'CANELA CONDIS MOLIDA 40 G', 'price': 0.79, 'category': 'Sal, salsas y especias', 'store_id': 'condisline', 'quantity': '19,75€/Kilo', 'id': 'a22b3213-a6b8-48c3-aaaf-77207ee4fd31', 'created_at': '2025-05-19T11:34:07.882239'}] count=None
[2025-05-19 14:34:06] ✅ Successfully inserted: CANELA CONDIS MOLIDA 40 G
[2025-05-19 14:34:06] Attempting to insert product: {'name': 'PIMIENTA CONDIS NEGRA EN GRANO 45 G', 'price': 1.05, 'category': 'Sal, salsas y especias', 'store_id': 'condisline', 'quantity': '23,33€/Kilo'}
[2025-05-19 14:34:06] Supabase Response: data=[{'name': 'PIMIENTA CONDIS NEGRA EN GRANO 45 G', 'price': 1.05, 'category': 'Sal, salsas y especias', 'store_id': 'condisline', 'quantity': '23,33€/Kilo', 'id': 'fd411968-bb20-4123-b775-4b92f08dc009', 'created_at': '2025-05-19T11:34:08.182384'}] count=None
[2025-05-19 14:34:06] ✅ Successfully inserted: PIMIENTA CONDIS NEGRA EN GRANO 45 G
[2025-05-19 14:34:06] Attempting to insert product: {'name': 'SALSA KIKKOMAN SOJA 250 ML', 'price': 4.69, 'category': 'Sal, salsas y especias', 'store_id': 'condisline', 'quantity': '18,76€/Litro'}
[2025-05-19 14:34:06] Supabase Response: data=[{'name': 'SALSA KIKKOMAN SOJA 250 ML', 'price': 4.69, 'category': 'Sal, salsas y especias', 'store_id': 'condisline', 'quantity': '18,76€/Litro', 'id': 'd1ec01a1-f877-43ff-8bd2-96188da46805', 'created_at': '2025-05-19T11:34:08.503658'}] count=None
[2025-05-19 14:34:06] ✅ Successfully inserted: SALSA KIKKOMAN SOJA 250 ML
[2025-05-19 14:34:06] Attempting to insert product: {'name': 'MOSTAZA MAILLE DIJON ORIGINAL 215 G', 'price': 3.59, 'category': 'Sal, salsas y especias', 'store_id': 'condisline', 'quantity': '16,70€/Kilo'}
[2025-05-19 14:34:07] Supabase Response: data=[{'name': 'MOSTAZA MAILLE DIJON ORIGINAL 215 G', 'price': 3.59, 'category': 'Sal, salsas y especias', 'store_id': 'condisline', 'quantity': '16,70€/Kilo', 'id': 'dc63887b-22d0-486c-a11c-667ff1ffd3c0', 'created_at': '2025-05-19T11:34:08.716324'}] count=None
[2025-05-19 14:34:07] ✅ Successfully inserted: MOSTAZA MAILLE DIJON ORIGINAL 215 G
[2025-05-19 14:34:07] Attempting to insert product: {'name': 'TOMATE CONDIS ECO FRITO 340 G', 'price': 2.25, 'category': 'Sal, salsas y especias', 'store_id': 'condisline', 'quantity': '6,62€/Kilo'}
[2025-05-19 14:34:07] Supabase Response: data=[{'name': 'TOMATE CONDIS ECO FRITO 340 G', 'price': 2.25, 'category': 'Sal, salsas y especias', 'store_id': 'condisline', 'quantity': '6,62€/Kilo', 'id': '2caa429e-5fb9-47ec-a320-4fe266a66830', 'created_at': '2025-05-19T11:34:09.228297'}] count=None
[2025-05-19 14:34:07] ✅ Successfully inserted: TOMATE CONDIS ECO FRITO 340 G
[2025-05-19 14:34:07] Attempting to insert product: {'name': 'PEREJIL CONDIS HOJA 13 G', 'price': 0.85, 'category': 'Sal, salsas y especias', 'store_id': 'condisline', 'quantity': '65,38€/Kilo'}
[2025-05-19 14:34:07] Supabase Response: data=[{'name': 'PEREJIL CONDIS HOJA 13 G', 'price': 0.85, 'category': 'Sal, salsas y especias', 'store_id': 'condisline', 'quantity': '65,38€/Kilo', 'id': '92a82788-4e80-496a-862c-987f33449ad8', 'created_at': '2025-05-19T11:34:09.450705'}] count=None
[2025-05-19 14:34:07] ✅ Successfully inserted: PEREJIL CONDIS HOJA 13 G
[2025-05-19 14:34:07] Attempting to insert product: {'name': 'SALSA SOJA KIKKOMAN BAJA SAL 250 ML', 'price': 4.99, 'category': 'Sal, salsas y especias', 'store_id': 'condisline', 'quantity': '19,96€/Litro'}
[2025-05-19 14:34:08] Supabase Response: data=[{'name': 'SALSA SOJA KIKKOMAN BAJA SAL 250 ML', 'price': 4.99, 'category': 'Sal, salsas y especias', 'store_id': 'condisline', 'quantity': '19,96€/Litro', 'id': '662f0b65-c750-40be-afc9-bb50194540ec', 'created_at': '2025-05-19T11:34:09.77678'}] count=None
[2025-05-19 14:34:08] ✅ Successfully inserted: SALSA SOJA KIKKOMAN BAJA SAL 250 ML
[2025-05-19 14:34:08] Attempting to insert product: {'name': 'ORÉGANO HOJA DANI BOLSA 40 G', 'price': 1.29, 'category': 'Sal, salsas y especias', 'store_id': 'condisline', 'quantity': '32,25€/Kilo'}
[2025-05-19 14:34:08] Supabase Response: data=[{'name': 'ORÉGANO HOJA DANI BOLSA 40 G', 'price': 1.29, 'category': 'Sal, salsas y especias', 'store_id': 'condisline', 'quantity': '32,25€/Kilo', 'id': '1c9f3b05-5b62-465e-af6c-4022dc78f27d', 'created_at': '2025-05-19T11:34:10.555768'}] count=None
[2025-05-19 14:34:08] ✅ Successfully inserted: ORÉGANO HOJA DANI BOLSA 40 G
[2025-05-19 14:34:08] Attempting to insert product: {'name': 'TOMATE CELORRIO FRITO TARRO 580 G', 'price': 1.1, 'category': 'Sal, salsas y especias', 'store_id': 'condisline', 'quantity': '1,90€/Kilo'}
[2025-05-19 14:34:09] Supabase Response: data=[{'name': 'TOMATE CELORRIO FRITO TARRO 580 G', 'price': 1.1, 'category': 'Sal, salsas y especias', 'store_id': 'condisline', 'quantity': '1,90€/Kilo', 'id': '015682ad-93c3-48ed-a3d3-c16edf6c0a02', 'created_at': '2025-05-19T11:34:10.933746'}] count=None
[2025-05-19 14:34:09] ✅ Successfully inserted: TOMATE CELORRIO FRITO TARRO 580 G
[2025-05-19 14:34:09] Attempting to insert product: {'name': 'SAL MALDON CODINA 125 G', 'price': 3.49, 'category': 'Sal, salsas y especias', 'store_id': 'condisline', 'quantity': '27,92€/Kilo'}
[2025-05-19 14:34:09] Supabase Response: data=[{'name': 'SAL MALDON CODINA 125 G', 'price': 3.49, 'category': 'Sal, salsas y especias', 'store_id': 'condisline', 'quantity': '27,92€/Kilo', 'id': '91526e29-3514-435f-a8ea-c87b577f1b08', 'created_at': '2025-05-19T11:34:11.371179'}] count=None
[2025-05-19 14:34:09] ✅ Successfully inserted: SAL MALDON CODINA 125 G
[2025-05-19 14:34:09] Attempting to insert product: {'name': 'MAYONESA PRIMA ORIG MONODOSIS 16 UNIDADES', 'price': 1.89, 'category': 'Sal, salsas y especias', 'store_id': 'condisline', 'quantity': '14,32€/Kilo'}
[2025-05-19 14:34:09] Supabase Response: data=[{'name': 'MAYONESA PRIMA ORIG MONODOSIS 16 UNIDADES', 'price': 1.89, 'category': 'Sal, salsas y especias', 'store_id': 'condisline', 'quantity': '14,32€/Kilo', 'id': '0bb272f9-c0be-44c0-823f-9ca914b3ef62', 'created_at': '2025-05-19T11:34:11.591718'}] count=None
[2025-05-19 14:34:09] ✅ Successfully inserted: MAYONESA PRIMA ORIG MONODOSIS 16 UNIDADES
[2025-05-19 14:34:09] Attempting to insert product: {'name': 'SAL COSTA PLUS+ 1 KG', 'price': 1.19, 'category': 'Sal, salsas y especias', 'store_id': 'condisline', 'quantity': '1,19€/Kilo'}
[2025-05-19 14:34:10] Supabase Response: data=[{'name': 'SAL COSTA PLUS+ 1 KG', 'price': 1.19, 'category': 'Sal, salsas y especias', 'store_id': 'condisline', 'quantity': '1,19€/Kilo', 'id': 'b23cd082-1b05-4b1f-b46b-d76b49194676', 'created_at': '2025-05-19T11:34:11.895147'}] count=None
[2025-05-19 14:34:10] ✅ Successfully inserted: SAL COSTA PLUS+ 1 KG
[2025-05-19 14:34:10] Attempting to insert product: {'name': "SALSA HELLMANN'S BARBACOA 250 ML", 'price': 2.25, 'category': 'Sal, salsas y especias', 'store_id': 'condisline', 'quantity': '9,00€/Kilo'}
[2025-05-19 14:34:10] Supabase Response: data=[{'name': "SALSA HELLMANN'S BARBACOA 250 ML", 'price': 2.25, 'category': 'Sal, salsas y especias', 'store_id': 'condisline', 'quantity': '9,00€/Kilo', 'id': '055a7252-0f1f-4d79-8db0-0a361cd46629', 'created_at': '2025-05-19T11:34:12.282964'}] count=None
[2025-05-19 14:34:10] ✅ Successfully inserted: SALSA HELLMANN'S BARBACOA 250 ML
[2025-05-19 14:34:10] Attempting to insert product: {'name': 'SALSA DANI APERITIVO 90 ML', 'price': 1.49, 'category': 'Sal, salsas y especias', 'store_id': 'condisline', 'quantity': '16,56€/Litro'}
[2025-05-19 14:34:10] Supabase Response: data=[{'name': 'SALSA DANI APERITIVO 90 ML', 'price': 1.49, 'category': 'Sal, salsas y especias', 'store_id': 'condisline', 'quantity': '16,56€/Litro', 'id': 'a5a897c1-83e7-4f1e-acd2-d487115b47cb', 'created_at': '2025-05-19T11:34:12.51472'}] count=None
[2025-05-19 14:34:10] ✅ Successfully inserted: SALSA DANI APERITIVO 90 ML
[2025-05-19 14:34:10] Attempting to insert product: {'name': 'MOSTAZA LOUIT DIÁFANA AL ESTRAGÓN 120 G', 'price': 1.49, 'category': 'Sal, salsas y especias', 'store_id': 'condisline', 'quantity': '12,96€/Kilo'}
[2025-05-19 14:34:11] Supabase Response: data=[{'name': 'MOSTAZA LOUIT DIÁFANA AL ESTRAGÓN 120 G', 'price': 1.49, 'category': 'Sal, salsas y especias', 'store_id': 'condisline', 'quantity': '12,96€/Kilo', 'id': '13b03f1e-8031-4b1c-bfad-dffdba1685c4', 'created_at': '2025-05-19T11:34:12.805541'}] count=None
[2025-05-19 14:34:11] ✅ Successfully inserted: MOSTAZA LOUIT DIÁFANA AL ESTRAGÓN 120 G
[2025-05-19 14:34:11] Attempting to insert product: {'name': 'MOSTAZA MAILLE A LA ANTIGUA 215 G', 'price': 3.65, 'category': 'Sal, salsas y especias', 'store_id': 'condisline', 'quantity': '16,98€/Kilo'}
[2025-05-19 14:34:11] Supabase Response: data=[{'name': 'MOSTAZA MAILLE A LA ANTIGUA 215 G', 'price': 3.65, 'category': 'Sal, salsas y especias', 'store_id': 'condisline', 'quantity': '16,98€/Kilo', 'id': '573f8559-74f4-4924-8c77-67b28358180e', 'created_at': '2025-05-19T11:34:13.138703'}] count=None
[2025-05-19 14:34:11] ✅ Successfully inserted: MOSTAZA MAILLE A LA ANTIGUA 215 G
[2025-05-19 14:34:11] Attempting to insert product: {'name': 'PIMENTÓN DULCE AHUMADO DANI 75 G', 'price': 2.99, 'category': 'Sal, salsas y especias', 'store_id': 'condisline', 'quantity': '39,87€/Kilo'}
[2025-05-19 14:34:11] Supabase Response: data=[{'name': 'PIMENTÓN DULCE AHUMADO DANI 75 G', 'price': 2.99, 'category': 'Sal, salsas y especias', 'store_id': 'condisline', 'quantity': '39,87€/Kilo', 'id': 'abdae178-6581-446b-8dcd-082b38c0072b', 'created_at': '2025-05-19T11:34:13.408365'}] count=None
[2025-05-19 14:34:11] ✅ Successfully inserted: PIMENTÓN DULCE AHUMADO DANI 75 G
[2025-05-19 14:34:11] Attempting to insert product: {'name': 'KETCHUP PRIMA ORIGINAL PET 290 G', 'price': 1.79, 'category': 'Sal, salsas y especias', 'store_id': 'condisline', 'quantity': '6,17€/Kilo'}
[2025-05-19 14:34:12] Supabase Response: data=[{'name': 'KETCHUP PRIMA ORIGINAL PET 290 G', 'price': 1.79, 'category': 'Sal, salsas y especias', 'store_id': 'condisline', 'quantity': '6,17€/Kilo', 'id': 'cfb46134-05b8-4ecd-8f9b-b3b5266a58e0', 'created_at': '2025-05-19T11:34:13.719083'}] count=None
[2025-05-19 14:34:12] ✅ Successfully inserted: KETCHUP PRIMA ORIGINAL PET 290 G
[2025-05-19 14:34:12] Attempting to insert product: {'name': 'SALSA GALLO CARBONARA 330 G', 'price': 2.99, 'category': 'Sal, salsas y especias', 'store_id': 'condisline', 'quantity': '9,06€/Kilo'}
[2025-05-19 14:34:12] Supabase Response: data=[{'name': 'SALSA GALLO CARBONARA 330 G', 'price': 2.99, 'category': 'Sal, salsas y especias', 'store_id': 'condisline', 'quantity': '9,06€/Kilo', 'id': 'cdcb2b86-a803-444f-92c8-aeeb5f05616c', 'created_at': '2025-05-19T11:34:14.131658'}] count=None
[2025-05-19 14:34:12] ✅ Successfully inserted: SALSA GALLO CARBONARA 330 G
[2025-05-19 14:34:12] Attempting to insert product: {'name': 'SALSA CHOVI ALL I OLI TARRO 200 ML', 'price': 1.89, 'category': 'Sal, salsas y especias', 'store_id': 'condisline', 'quantity': '9,45€/Kilo'}
[2025-05-19 14:34:12] Supabase Response: data=[{'name': 'SALSA CHOVI ALL I OLI TARRO 200 ML', 'price': 1.89, 'category': 'Sal, salsas y especias', 'store_id': 'condisline', 'quantity': '9,45€/Kilo', 'id': 'fc94eec4-9306-42c3-bf80-0a8531b277aa', 'created_at': '2025-05-19T11:34:14.537653'}] count=None
[2025-05-19 14:34:12] ✅ Successfully inserted: SALSA CHOVI ALL I OLI TARRO 200 ML
[2025-05-19 14:34:12] Attempting to insert product: {'name': 'SALSA TABASCO PICANTE 60 ML', 'price': 3.95, 'category': 'Sal, salsas y especias', 'store_id': 'condisline', 'quantity': '65,83€/Kilo'}
[2025-05-19 14:34:13] Supabase Response: data=[{'name': 'SALSA TABASCO PICANTE 60 ML', 'price': 3.95, 'category': 'Sal, salsas y especias', 'store_id': 'condisline', 'quantity': '65,83€/Kilo', 'id': '09e7d152-cdf4-427e-8f8a-c7e07b431185', 'created_at': '2025-05-19T11:34:14.934389'}] count=None
[2025-05-19 14:34:13] ✅ Successfully inserted: SALSA TABASCO PICANTE 60 ML
[2025-05-19 14:34:13] Attempting to insert product: {'name': "SALSA HELLMANN'S BRAVA PET 250 G", 'price': 2.25, 'category': 'Sal, salsas y especias', 'store_id': 'condisline', 'quantity': '9,00€/Kilo'}
[2025-05-19 14:34:13] Supabase Response: data=[{'name': "SALSA HELLMANN'S BRAVA PET 250 G", 'price': 2.25, 'category': 'Sal, salsas y especias', 'store_id': 'condisline', 'quantity': '9,00€/Kilo', 'id': 'c466130d-4ff0-4d36-8425-e4601cff8c31', 'created_at': '2025-05-19T11:34:15.254448'}] count=None
[2025-05-19 14:34:13] ✅ Successfully inserted: SALSA HELLMANN'S BRAVA PET 250 G
[2025-05-19 14:34:13] Attempting to insert product: {'name': 'COLORANTE CONDIS ALIMENTARIO 55 G', 'price': 0.72, 'category': 'Sal, salsas y especias', 'store_id': 'condisline', 'quantity': '13,09€/Kilo'}
[2025-05-19 14:34:14] Supabase Response: data=[{'name': 'COLORANTE CONDIS ALIMENTARIO 55 G', 'price': 0.72, 'category': 'Sal, salsas y especias', 'store_id': 'condisline', 'quantity': '13,09€/Kilo', 'id': '235e29a8-edbd-446d-97fd-75f1a1beb5fb', 'created_at': '2025-05-19T11:34:15.847879'}] count=None
[2025-05-19 14:34:14] ✅ Successfully inserted: COLORANTE CONDIS ALIMENTARIO 55 G
[2025-05-19 14:34:14] Attempting to insert product: {'name': 'SALSA GALLO SUPER BOLOÑESA 350 G', 'price': 3.39, 'category': 'Sal, salsas y especias', 'store_id': 'condisline', 'quantity': '9,69€/Kilo'}
[2025-05-19 14:34:14] Supabase Response: data=[{'name': 'SALSA GALLO SUPER BOLOÑESA 350 G', 'price': 3.39, 'category': 'Sal, salsas y especias', 'store_id': 'condisline', 'quantity': '9,69€/Kilo', 'id': 'e6389d34-8857-4227-b541-60b8b4a3903e', 'created_at': '2025-05-19T11:34:16.176943'}] count=None
[2025-05-19 14:34:14] ✅ Successfully inserted: SALSA GALLO SUPER BOLOÑESA 350 G
[2025-05-19 14:34:14] Attempting to insert product: {'name': 'AZAFRAN CONDIS EN RAMA 1 UNIDAD', 'price': 1.05, 'category': 'Sal, salsas y especias', 'store_id': 'condisline', 'quantity': ''}
[2025-05-19 14:34:14] Supabase Response: data=[{'name': 'AZAFRAN CONDIS EN RAMA 1 UNIDAD', 'price': 1.05, 'category': 'Sal, salsas y especias', 'store_id': 'condisline', 'quantity': '', 'id': '09f94590-365b-4434-ad54-69ed3c87a6c2', 'created_at': '2025-05-19T11:34:16.513593'}] count=None
[2025-05-19 14:34:14] ✅ Successfully inserted: AZAFRAN CONDIS EN RAMA 1 UNIDAD
[2025-05-19 14:34:14] Attempting to insert product: {'name': 'CANELA CONDIS EN RAMA 1 UNIDAD', 'price': 0.85, 'category': 'Sal, salsas y especias', 'store_id': 'condisline', 'quantity': '70,83€/Kilo'}
[2025-05-19 14:34:15] Supabase Response: data=[{'name': 'CANELA CONDIS EN RAMA 1 UNIDAD', 'price': 0.85, 'category': 'Sal, salsas y especias', 'store_id': 'condisline', 'quantity': '70,83€/Kilo', 'id': '342bc9a5-0766-4285-8eaf-dedf4014418a', 'created_at': '2025-05-19T11:34:16.821135'}] count=None
[2025-05-19 14:34:15] ✅ Successfully inserted: CANELA CONDIS EN RAMA 1 UNIDAD
[2025-05-19 14:34:15] Attempting to insert product: {'name': 'SOFRITO CONDIS ECO 340 G', 'price': 2.79, 'category': 'Sal, salsas y especias', 'store_id': 'condisline', 'quantity': '8,21€/Kilo'}
[2025-05-19 14:34:15] Supabase Response: data=[{'name': 'SOFRITO CONDIS ECO 340 G', 'price': 2.79, 'category': 'Sal, salsas y especias', 'store_id': 'condisline', 'quantity': '8,21€/Kilo', 'id': 'acc35778-3239-4909-8813-d98ff452b062', 'created_at': '2025-05-19T11:34:17.1191'}] count=None
[2025-05-19 14:34:15] ✅ Successfully inserted: SOFRITO CONDIS ECO 340 G
[2025-05-19 14:34:15] Attempting to insert product: {'name': 'SAZONADOR AJO Y PEREJIL DANI 22 G', 'price': 1.45, 'category': 'Sal, salsas y especias', 'store_id': 'condisline', 'quantity': '65,91€/Kilo'}
[2025-05-19 14:34:15] Supabase Response: data=[{'name': 'SAZONADOR AJO Y PEREJIL DANI 22 G', 'price': 1.45, 'category': 'Sal, salsas y especias', 'store_id': 'condisline', 'quantity': '65,91€/Kilo', 'id': '27a28b30-d059-4a66-a7c5-d19dbf0cc516', 'created_at': '2025-05-19T11:34:17.410141'}] count=None
[2025-05-19 14:34:15] ✅ Successfully inserted: SAZONADOR AJO Y PEREJIL DANI 22 G
[2025-05-19 14:34:15] Attempting to insert product: {'name': 'CÚRCUMA MOLIDA DANI 45 G', 'price': 1.29, 'category': 'Sal, salsas y especias', 'store_id': 'condisline', 'quantity': '28,67€/Kilo'}
[2025-05-19 14:34:15] Supabase Response: data=[{'name': 'CÚRCUMA MOLIDA DANI 45 G', 'price': 1.29, 'category': 'Sal, salsas y especias', 'store_id': 'condisline', 'quantity': '28,67€/Kilo', 'id': '7f3aa270-cb39-44f8-9989-76b06029a19f', 'created_at': '2025-05-19T11:34:17.713132'}] count=None
[2025-05-19 14:34:15] ✅ Successfully inserted: CÚRCUMA MOLIDA DANI 45 G
[2025-05-19 14:34:15] Attempting to insert product: {'name': 'SALSA FRESCA CONDIS 4 QUESOS 180 G', 'price': 1.45, 'category': 'Sal, salsas y especias', 'store_id': 'condisline', 'quantity': '8,06€/Kilo'}
[2025-05-19 14:34:17] Supabase Response: data=[{'name': 'SALSA FRESCA CONDIS 4 QUESOS 180 G', 'price': 1.45, 'category': 'Sal, salsas y especias', 'store_id': 'condisline', 'quantity': '8,06€/Kilo', 'id': '4b0f98aa-8a50-40dc-9f90-444874f89f05', 'created_at': '2025-05-19T11:34:18.022171'}] count=None
[2025-05-19 14:34:17] ✅ Successfully inserted: SALSA FRESCA CONDIS 4 QUESOS 180 G
[2025-05-19 14:34:17] Attempting to insert product: {'name': 'SAL COSTA GRUESA NATURAL 1 KG', 'price': 0.9, 'category': 'Sal, salsas y especias', 'store_id': 'condisline', 'quantity': '0,90€/Kilo'}
[2025-05-19 14:34:17] Supabase Response: data=[{'name': 'SAL COSTA GRUESA NATURAL 1 KG', 'price': 0.9, 'category': 'Sal, salsas y especias', 'store_id': 'condisline', 'quantity': '0,90€/Kilo', 'id': 'dbd4c36d-d8c1-4709-b903-a3c823d8b040', 'created_at': '2025-05-19T11:34:19.143215'}] count=None
[2025-05-19 14:34:17] ✅ Successfully inserted: SAL COSTA GRUESA NATURAL 1 KG
[2025-05-19 14:34:17] Attempting to insert product: {'name': 'MOSTAZA PRIMA ORIGINAL PET 265 G', 'price': 1.79, 'category': 'Sal, salsas y especias', 'store_id': 'condisline', 'quantity': '6,75€/Kilo'}
[2025-05-19 14:34:17] Supabase Response: data=[{'name': 'MOSTAZA PRIMA ORIGINAL PET 265 G', 'price': 1.79, 'category': 'Sal, salsas y especias', 'store_id': 'condisline', 'quantity': '6,75€/Kilo', 'id': '686b12af-a8e3-4cd1-9c6e-4f3e7ec82976', 'created_at': '2025-05-19T11:34:19.451252'}] count=None
[2025-05-19 14:34:17] ✅ Successfully inserted: MOSTAZA PRIMA ORIGINAL PET 265 G
[2025-05-19 14:34:17] Attempting to insert product: {'name': 'MAYONESA YBARRA TRADIC SIN GLUTEN 450 G', 'price': 2.45, 'category': 'Sal, salsas y especias', 'store_id': 'condisline', 'quantity': '5,44€/Kilo'}
[2025-05-19 14:34:18] Supabase Response: data=[{'name': 'MAYONESA YBARRA TRADIC SIN GLUTEN 450 G', 'price': 2.45, 'category': 'Sal, salsas y especias', 'store_id': 'condisline', 'quantity': '5,44€/Kilo', 'id': '2c083ee8-bc5b-4b8a-8a21-392e1ca9a5a7', 'created_at': '2025-05-19T11:34:19.776992'}] count=None
[2025-05-19 14:34:18] ✅ Successfully inserted: MAYONESA YBARRA TRADIC SIN GLUTEN 450 G
[2025-05-19 14:34:18] Attempting to insert product: {'name': 'KETCHUP ORLANDO BARRILITO 300 G', 'price': 1.45, 'category': 'Sal, salsas y especias', 'store_id': 'condisline', 'quantity': '4,83€/Kilo'}
[2025-05-19 14:34:18] Supabase Response: data=[{'name': 'KETCHUP ORLANDO BARRILITO 300 G', 'price': 1.45, 'category': 'Sal, salsas y especias', 'store_id': 'condisline', 'quantity': '4,83€/Kilo', 'id': 'a04e298b-7176-456c-b249-907eafe320cb', 'created_at': '2025-05-19T11:34:20.174846'}] count=None
[2025-05-19 14:34:18] ✅ Successfully inserted: KETCHUP ORLANDO BARRILITO 300 G
[2025-05-19 14:34:18] Attempting to insert product: {'name': 'SALSA FERRER ROMESCO 130 G', 'price': 1.8, 'category': 'Sal, salsas y especias', 'store_id': 'condisline', 'quantity': '13,85€/Kilo'}
[2025-05-19 14:34:18] Supabase Response: data=[{'name': 'SALSA FERRER ROMESCO 130 G', 'price': 1.8, 'category': 'Sal, salsas y especias', 'store_id': 'condisline', 'quantity': '13,85€/Kilo', 'id': '6be06090-5bbf-4956-bfa2-c9ba7d726c04', 'created_at': '2025-05-19T11:34:20.483753'}] count=None
[2025-05-19 14:34:18] ✅ Successfully inserted: SALSA FERRER ROMESCO 130 G
[2025-05-19 14:34:18] Attempting to insert product: {'name': 'SALSA PRIMA BARBACOA CERO 265 G', 'price': 2.19, 'category': 'Sal, salsas y especias', 'store_id': 'condisline', 'quantity': '8,26€/Kilo'}
[2025-05-19 14:34:18] Supabase Response: data=[{'name': 'SALSA PRIMA BARBACOA CERO 265 G', 'price': 2.19, 'category': 'Sal, salsas y especias', 'store_id': 'condisline', 'quantity': '8,26€/Kilo', 'id': 'b16d548f-d7b8-4f89-8bf4-fde17182cdaf', 'created_at': '2025-05-19T11:34:20.700869'}] count=None
[2025-05-19 14:34:18] ✅ Successfully inserted: SALSA PRIMA BARBACOA CERO 265 G
[2025-05-19 14:34:18] Attempting to insert product: {'name': "SALSA HELLMANN'S BURGER 250 G", 'price': 2.25, 'category': 'Sal, salsas y especias', 'store_id': 'condisline', 'quantity': '9,00€/Kilo'}
[2025-05-19 14:34:19] Supabase Response: data=[{'name': "SALSA HELLMANN'S BURGER 250 G", 'price': 2.25, 'category': 'Sal, salsas y especias', 'store_id': 'condisline', 'quantity': '9,00€/Kilo', 'id': 'bea62ab1-f7c7-4ebf-a34e-ea9ed993a67b', 'created_at': '2025-05-19T11:34:21.002748'}] count=None
[2025-05-19 14:34:19] ✅ Successfully inserted: SALSA HELLMANN'S BURGER 250 G
[2025-05-19 14:34:19] Attempting to insert product: {'name': 'MAYONESA YBARRA LIGERA SIN GLUTEN 450 G', 'price': 2.09, 'category': 'Sal, salsas y especias', 'store_id': 'condisline', 'quantity': '4,64€/Kilo'}
[2025-05-19 14:34:19] Supabase Response: data=[{'name': 'MAYONESA YBARRA LIGERA SIN GLUTEN 450 G', 'price': 2.09, 'category': 'Sal, salsas y especias', 'store_id': 'condisline', 'quantity': '4,64€/Kilo', 'id': 'f5959d80-d4ec-4b8c-be10-173f8f91d0ad', 'created_at': '2025-05-19T11:34:21.326422'}] count=None
[2025-05-19 14:34:19] ✅ Successfully inserted: MAYONESA YBARRA LIGERA SIN GLUTEN 450 G
[2025-05-19 14:34:19] Attempting to insert product: {'name': 'CEBOLLA GRANULADA DANI 30 G', 'price': 0.89, 'category': 'Sal, salsas y especias', 'store_id': 'condisline', 'quantity': '29,67€/Kilo'}
[2025-05-19 14:34:19] Supabase Response: data=[{'name': 'CEBOLLA GRANULADA DANI 30 G', 'price': 0.89, 'category': 'Sal, salsas y especias', 'store_id': 'condisline', 'quantity': '29,67€/Kilo', 'id': '08b14b0e-62aa-4d9e-a2c1-6a9d0d701ca4', 'created_at': '2025-05-19T11:34:21.562427'}] count=None
[2025-05-19 14:34:19] ✅ Successfully inserted: CEBOLLA GRANULADA DANI 30 G
[2025-05-19 14:34:19] Attempting to insert product: {'name': 'ALBAHACA CONDIS HOJA 15 G', 'price': 0.79, 'category': 'Sal, salsas y especias', 'store_id': 'condisline', 'quantity': '52,67€/Kilo'}
[2025-05-19 14:34:19] Supabase Response: data=[{'name': 'ALBAHACA CONDIS HOJA 15 G', 'price': 0.79, 'category': 'Sal, salsas y especias', 'store_id': 'condisline', 'quantity': '52,67€/Kilo', 'id': '00bf03d9-c1d9-4238-862f-c380cc00e4ae', 'created_at': '2025-05-19T11:34:21.806811'}] count=None
[2025-05-19 14:34:19] ✅ Successfully inserted: ALBAHACA CONDIS HOJA 15 G
[2025-05-19 14:34:19] Attempting to insert product: {'name': 'PIMENTON CONDIS DULCE 45 G', 'price': 0.85, 'category': 'Sal, salsas y especias', 'store_id': 'condisline', 'quantity': '18,89€/Kilo'}
[2025-05-19 14:34:20] Supabase Response: data=[{'name': 'PIMENTON CONDIS DULCE 45 G', 'price': 0.85, 'category': 'Sal, salsas y especias', 'store_id': 'condisline', 'quantity': '18,89€/Kilo', 'id': 'e583a267-1fe3-4dd9-a534-27294659fa71', 'created_at': '2025-05-19T11:34:22.028932'}] count=None
[2025-05-19 14:34:20] ✅ Successfully inserted: PIMENTON CONDIS DULCE 45 G
[2025-05-19 14:34:20] Attempting to insert product: {'name': 'SALSA BARILLA BASILICO 400 G', 'price': 2.99, 'category': 'Sal, salsas y especias', 'store_id': 'condisline', 'quantity': '7,48€/Kilo'}
[2025-05-19 14:34:20] Supabase Response: data=[{'name': 'SALSA BARILLA BASILICO 400 G', 'price': 2.99, 'category': 'Sal, salsas y especias', 'store_id': 'condisline', 'quantity': '7,48€/Kilo', 'id': '5c94edf2-3c3b-439f-a09c-6de5b96d8628', 'created_at': '2025-05-19T11:34:22.398342'}] count=None
[2025-05-19 14:34:20] ✅ Successfully inserted: SALSA BARILLA BASILICO 400 G
[2025-05-19 14:34:20] Attempting to insert product: {'name': 'SALSA GALLO CON QUESO GRANA PADANO 350 G', 'price': 2.59, 'category': 'Sal, salsas y especias', 'store_id': 'condisline', 'quantity': '7,40€/Kilo'}
[2025-05-19 14:34:20] Supabase Response: data=[{'name': 'SALSA GALLO CON QUESO GRANA PADANO 350 G', 'price': 2.59, 'category': 'Sal, salsas y especias', 'store_id': 'condisline', 'quantity': '7,40€/Kilo', 'id': 'd1b7cf0d-8597-4277-9fa6-f86d1f00c9bb', 'created_at': '2025-05-19T11:34:22.621695'}] count=None
[2025-05-19 14:34:20] ✅ Successfully inserted: SALSA GALLO CON QUESO GRANA PADANO 350 G
[2025-05-19 14:34:20] Attempting to insert product: {'name': 'SALSA HEINZ BBQ CLASSIC 400 G', 'price': 3.49, 'category': 'Sal, salsas y especias', 'store_id': 'condisline', 'quantity': '8,73€/Kilo'}
[2025-05-19 14:34:21] Supabase Response: data=[{'name': 'SALSA HEINZ BBQ CLASSIC 400 G', 'price': 3.49, 'category': 'Sal, salsas y especias', 'store_id': 'condisline', 'quantity': '8,73€/Kilo', 'id': 'e4b7c783-5930-45e1-b4a3-9ab013ebd31e', 'created_at': '2025-05-19T11:34:22.941428'}] count=None
[2025-05-19 14:34:21] ✅ Successfully inserted: SALSA HEINZ BBQ CLASSIC 400 G
[2025-05-19 14:34:21] Attempting to insert product: {'name': 'MONODOSIS CHOVI KETCHUP 16 UNIDADES', 'price': 1.99, 'category': 'Sal, salsas y especias', 'store_id': 'condisline', 'quantity': '12,44€/Kilo'}
[2025-05-19 14:34:21] Supabase Response: data=[{'name': 'MONODOSIS CHOVI KETCHUP 16 UNIDADES', 'price': 1.99, 'category': 'Sal, salsas y especias', 'store_id': 'condisline', 'quantity': '12,44€/Kilo', 'id': '1b123c4c-85f6-4ccd-b3ca-e50ec17c0166', 'created_at': '2025-05-19T11:34:23.269726'}] count=None
[2025-05-19 14:34:21] ✅ Successfully inserted: MONODOSIS CHOVI KETCHUP 16 UNIDADES
[2025-05-19 14:34:21] Attempting to insert product: {'name': 'SALSA FELIUBADALÓ ROMESCO 180 CC', 'price': 2.35, 'category': 'Sal, salsas y especias', 'store_id': 'condisline', 'quantity': '13,06€/Kilo'}
[2025-05-19 14:34:21] Supabase Response: data=[{'name': 'SALSA FELIUBADALÓ ROMESCO 180 CC', 'price': 2.35, 'category': 'Sal, salsas y especias', 'store_id': 'condisline', 'quantity': '13,06€/Kilo', 'id': 'e97be1f4-7f05-44c5-9b37-6c1b91b5411a', 'created_at': '2025-05-19T11:34:23.498624'}] count=None
[2025-05-19 14:34:21] ✅ Successfully inserted: SALSA FELIUBADALÓ ROMESCO 180 CC
[2025-05-19 14:34:21] Attempting to insert product: {'name': 'PIMIENTA NEGRA DANI  45 G', 'price': 3.15, 'category': 'Sal, salsas y especias', 'store_id': 'condisline', 'quantity': '63,00€/Kilo'}
[2025-05-19 14:34:22] Supabase Response: data=[{'name': 'PIMIENTA NEGRA DANI  45 G', 'price': 3.15, 'category': 'Sal, salsas y especias', 'store_id': 'condisline', 'quantity': '63,00€/Kilo', 'id': 'ee5c4598-924c-4d86-82a3-32e6f9dff161', 'created_at': '2025-05-19T11:34:23.82493'}] count=None
[2025-05-19 14:34:22] ✅ Successfully inserted: PIMIENTA NEGRA DANI  45 G
[2025-05-19 14:34:22] Attempting to insert product: {'name': 'CURRY CONDIS  45 G', 'price': 0.87, 'category': 'Sal, salsas y especias', 'store_id': 'condisline', 'quantity': '19,33€/Kilo'}
[2025-05-19 14:34:22] Supabase Response: data=[{'name': 'CURRY CONDIS  45 G', 'price': 0.87, 'category': 'Sal, salsas y especias', 'store_id': 'condisline', 'quantity': '19,33€/Kilo', 'id': '06bd730a-9b65-4af1-8c85-3145220f9a51', 'created_at': '2025-05-19T11:34:24.181758'}] count=None
[2025-05-19 14:34:22] ✅ Successfully inserted: CURRY CONDIS  45 G
[2025-05-19 14:34:22] Attempting to insert product: {'name': 'PULPA DANI DE ÑORA 125 G', 'price': 1.89, 'category': 'Sal, salsas y especias', 'store_id': 'condisline', 'quantity': '15,12€/Kilo'}
[2025-05-19 14:34:22] Supabase Response: data=[{'name': 'PULPA DANI DE ÑORA 125 G', 'price': 1.89, 'category': 'Sal, salsas y especias', 'store_id': 'condisline', 'quantity': '15,12€/Kilo', 'id': 'c078746b-2593-45e6-bcce-978ed0fae8db', 'created_at': '2025-05-19T11:34:24.541361'}] count=None
[2025-05-19 14:34:22] ✅ Successfully inserted: PULPA DANI DE ÑORA 125 G
[2025-05-19 14:34:22] Attempting to insert product: {'name': 'SALERO SAL COSTA PLUS 500 G', 'price': 1.99, 'category': 'Sal, salsas y especias', 'store_id': 'condisline', 'quantity': '3,98€/Kilo'}
[2025-05-19 14:34:23] Supabase Response: data=[{'name': 'SALERO SAL COSTA PLUS 500 G', 'price': 1.99, 'category': 'Sal, salsas y especias', 'store_id': 'condisline', 'quantity': '3,98€/Kilo', 'id': 'c263d524-fe1d-4e6f-8bc3-c8369c1fb5d4', 'created_at': '2025-05-19T11:34:24.880354'}] count=None
[2025-05-19 14:34:23] ✅ Successfully inserted: SALERO SAL COSTA PLUS 500 G
[2025-05-19 14:34:23] Attempting to insert product: {'name': 'SALSA CHOVI ALL I OLI PET 400 G', 'price': 3.29, 'category': 'Sal, salsas y especias', 'store_id': 'condisline', 'quantity': '8,23€/Kilo'}
[2025-05-19 14:34:23] Supabase Response: data=[{'name': 'SALSA CHOVI ALL I OLI PET 400 G', 'price': 3.29, 'category': 'Sal, salsas y especias', 'store_id': 'condisline', 'quantity': '8,23€/Kilo', 'id': '3e923c20-95ba-4501-b2db-90b86b2a1ee2', 'created_at': '2025-05-19T11:34:25.211016'}] count=None
[2025-05-19 14:34:23] ✅ Successfully inserted: SALSA CHOVI ALL I OLI PET 400 G
[2025-05-19 14:34:23] Attempting to insert product: {'name': 'HIERBAS PROVENZALES  CONDIS 18 G', 'price': 0.79, 'category': 'Sal, salsas y especias', 'store_id': 'condisline', 'quantity': '43,89€/Kilo'}
[2025-05-19 14:34:23] Supabase Response: data=[{'name': 'HIERBAS PROVENZALES  CONDIS 18 G', 'price': 0.79, 'category': 'Sal, salsas y especias', 'store_id': 'condisline', 'quantity': '43,89€/Kilo', 'id': 'b4bc0c5d-fd66-4345-a54f-2322005f3170', 'created_at': '2025-05-19T11:34:25.494711'}] count=None
[2025-05-19 14:34:23] ✅ Successfully inserted: HIERBAS PROVENZALES  CONDIS 18 G
[2025-05-19 14:34:23] Attempting to insert product: {'name': 'ATADILLO DE HIERBAS DANI 42 G', 'price': 2.39, 'category': 'Sal, salsas y especias', 'store_id': 'condisline', 'quantity': '56,90€/Kilo'}
[2025-05-19 14:34:23] Supabase Response: data=[{'name': 'ATADILLO DE HIERBAS DANI 42 G', 'price': 2.39, 'category': 'Sal, salsas y especias', 'store_id': 'condisline', 'quantity': '56,90€/Kilo', 'id': 'c632a4ad-df87-4c8d-a44c-c1fc653fdc21', 'created_at': '2025-05-19T11:34:25.710799'}] count=None
[2025-05-19 14:34:23] ✅ Successfully inserted: ATADILLO DE HIERBAS DANI 42 G
[2025-05-19 14:34:23] Attempting to insert product: {'name': 'PICADAS DANI BOLSA', 'price': 1.15, 'category': 'Sal, salsas y especias', 'store_id': 'condisline', 'quantity': '46,00€/Kilo'}
[2025-05-19 14:34:24] Supabase Response: data=[{'name': 'PICADAS DANI BOLSA', 'price': 1.15, 'category': 'Sal, salsas y especias', 'store_id': 'condisline', 'quantity': '46,00€/Kilo', 'id': '105eb955-853b-4a7b-a48a-c01bf9260609', 'created_at': '2025-05-19T11:34:25.925383'}] count=None
[2025-05-19 14:34:24] ✅ Successfully inserted: PICADAS DANI BOLSA
[2025-05-19 14:34:24] Attempting to insert product: {'name': 'AZAFRÁN EN RAMA DANI 0.7 G', 'price': 6.19, 'category': 'Sal, salsas y especias', 'store_id': 'condisline', 'quantity': '6,19€/Unidad'}
[2025-05-19 14:34:24] Supabase Response: data=[{'name': 'AZAFRÁN EN RAMA DANI 0.7 G', 'price': 6.19, 'category': 'Sal, salsas y especias', 'store_id': 'condisline', 'quantity': '6,19€/Unidad', 'id': '214cf76d-0ce5-4fe9-816e-7c204fed877b', 'created_at': '2025-05-19T11:34:26.230334'}] count=None
[2025-05-19 14:34:24] ✅ Successfully inserted: AZAFRÁN EN RAMA DANI 0.7 G
[2025-05-19 14:34:24] Attempting to insert product: {'name': 'SALSA OLD EL PASO MEJICANA DIP 312 G', 'price': 3.39, 'category': 'Sal, salsas y especias', 'store_id': 'condisline', 'quantity': '10,87€/Kilo'}
[2025-05-19 14:34:24] Supabase Response: data=[{'name': 'SALSA OLD EL PASO MEJICANA DIP 312 G', 'price': 3.39, 'category': 'Sal, salsas y especias', 'store_id': 'condisline', 'quantity': '10,87€/Kilo', 'id': '328e5db5-90d6-478b-b8a6-99c90ed5849e', 'created_at': '2025-05-19T11:34:26.490647'}] count=None
[2025-05-19 14:34:24] ✅ Successfully inserted: SALSA OLD EL PASO MEJICANA DIP 312 G
[2025-05-19 14:34:24] Attempting to insert product: {'name': 'ÑORAS DANI BOLSA 15 G', 'price': 1.19, 'category': 'Sal, salsas y especias', 'store_id': 'condisline', 'quantity': '79,33€/Kilo'}
[2025-05-19 14:34:24] Supabase Response: data=[{'name': 'ÑORAS DANI BOLSA 15 G', 'price': 1.19, 'category': 'Sal, salsas y especias', 'store_id': 'condisline', 'quantity': '79,33€/Kilo', 'id': 'd2ba9aa6-abaf-4db2-8934-be6608987e56', 'created_at': '2025-05-19T11:34:26.725952'}] count=None
[2025-05-19 14:34:24] ✅ Successfully inserted: ÑORAS DANI BOLSA 15 G
[2025-05-19 14:34:24] Attempting to insert product: {'name': 'SALSA ZANUY GUACAMOLE 190 G', 'price': 1.99, 'category': 'Sal, salsas y especias', 'store_id': 'condisline', 'quantity': '10,47€/Kilo'}
[2025-05-19 14:34:25] Supabase Response: data=[{'name': 'SALSA ZANUY GUACAMOLE 190 G', 'price': 1.99, 'category': 'Sal, salsas y especias', 'store_id': 'condisline', 'quantity': '10,47€/Kilo', 'id': 'ebb26faa-f0fd-42f4-978e-e7d3bb236059', 'created_at': '2025-05-19T11:34:26.943563'}] count=None
[2025-05-19 14:34:25] ✅ Successfully inserted: SALSA ZANUY GUACAMOLE 190 G
[2025-05-19 14:34:25] Attempting to insert product: {'name': 'MAYONESA ALTEZA FRASCO 450 ML', 'price': 1.39, 'category': 'Sal, salsas y especias', 'store_id': 'condisline', 'quantity': '3,09€/Kilo'}
[2025-05-19 14:34:25] Supabase Response: data=[{'name': 'MAYONESA ALTEZA FRASCO 450 ML', 'price': 1.39, 'category': 'Sal, salsas y especias', 'store_id': 'condisline', 'quantity': '3,09€/Kilo', 'id': '79e401a6-bbf2-4a59-b7c0-06ea4a9358bd', 'created_at': '2025-05-19T11:34:27.24047'}] count=None
[2025-05-19 14:34:25] ✅ Successfully inserted: MAYONESA ALTEZA FRASCO 450 ML
[2025-05-19 14:34:25] Attempting to insert product: {'name': '5 PIMIENTAS DANI  45 G', 'price': 3.15, 'category': 'Sal, salsas y especias', 'store_id': 'condisline', 'quantity': '78,75€/Kilo'}
[2025-05-19 14:34:25] Supabase Response: data=[{'name': '5 PIMIENTAS DANI  45 G', 'price': 3.15, 'category': 'Sal, salsas y especias', 'store_id': 'condisline', 'quantity': '78,75€/Kilo', 'id': '9efcb80a-9887-4832-b68d-a8949d647520', 'created_at': '2025-05-19T11:34:27.457017'}] count=None
[2025-05-19 14:34:25] ✅ Successfully inserted: 5 PIMIENTAS DANI  45 G
[2025-05-19 14:34:25] Attempting to insert product: {'name': 'SALSA FERRER CALÇOTS 320 G', 'price': 2.69, 'category': 'Sal, salsas y especias', 'store_id': 'condisline', 'quantity': '8,41€/Kilo'}
[2025-05-19 14:34:26] Supabase Response: data=[{'name': 'SALSA FERRER CALÇOTS 320 G', 'price': 2.69, 'category': 'Sal, salsas y especias', 'store_id': 'condisline', 'quantity': '8,41€/Kilo', 'id': '99c09e7f-0947-4ccb-b99e-4f6e25757dce', 'created_at': '2025-05-19T11:34:27.967442'}] count=None
[2025-05-19 14:34:26] ✅ Successfully inserted: SALSA FERRER CALÇOTS 320 G
[2025-05-19 14:34:26] Attempting to insert product: {'name': 'PREPARADO POLLO CONDIS 40 G', 'price': 0.81, 'category': 'Sal, salsas y especias', 'store_id': 'condisline', 'quantity': '0,81€/Unidad'}
[2025-05-19 14:34:26] Supabase Response: data=[{'name': 'PREPARADO POLLO CONDIS 40 G', 'price': 0.81, 'category': 'Sal, salsas y especias', 'store_id': 'condisline', 'quantity': '0,81€/Unidad', 'id': '489302fc-9756-4a33-9598-4996692abd4d', 'created_at': '2025-05-19T11:34:28.485787'}] count=None
[2025-05-19 14:34:26] ✅ Successfully inserted: PREPARADO POLLO CONDIS 40 G
[2025-05-19 14:34:26] Attempting to insert product: {'name': 'CANELA EN RAMA DANI 25 G', 'price': 1.39, 'category': 'Sal, salsas y especias', 'store_id': 'condisline', 'quantity': '55,60€/Kilo'}
[2025-05-19 14:34:27] Supabase Response: data=[{'name': 'CANELA EN RAMA DANI 25 G', 'price': 1.39, 'category': 'Sal, salsas y especias', 'store_id': 'condisline', 'quantity': '55,60€/Kilo', 'id': '767eb2c1-5e69-4891-bff3-f79441ddf6aa', 'created_at': '2025-05-19T11:34:28.792236'}] count=None
[2025-05-19 14:34:27] ✅ Successfully inserted: CANELA EN RAMA DANI 25 G
[2025-05-19 14:34:27] Attempting to insert product: {'name': 'SAL COSTA ALTA COCINA  2 KG', 'price': 2.23, 'category': 'Sal, salsas y especias', 'store_id': 'condisline', 'quantity': '1,12€/Kilo'}
[2025-05-19 14:34:27] Supabase Response: data=[{'name': 'SAL COSTA ALTA COCINA  2 KG', 'price': 2.23, 'category': 'Sal, salsas y especias', 'store_id': 'condisline', 'quantity': '1,12€/Kilo', 'id': '8203f5fe-f8a3-4c47-8993-c30adee0410b', 'created_at': '2025-05-19T11:34:29.078607'}] count=None
[2025-05-19 14:34:27] ✅ Successfully inserted: SAL COSTA ALTA COCINA  2 KG
[2025-05-19 14:34:27] Attempting to insert product: {'name': 'SALSA CUCINA ANT ALL ARRABBIATA 190 G', 'price': 2.45, 'category': 'Sal, salsas y especias', 'store_id': 'condisline', 'quantity': '12,89€/Kilo'}
[2025-05-19 14:34:27] Supabase Response: data=[{'name': 'SALSA CUCINA ANT ALL ARRABBIATA 190 G', 'price': 2.45, 'category': 'Sal, salsas y especias', 'store_id': 'condisline', 'quantity': '12,89€/Kilo', 'id': '91f341ea-36cd-40b4-a8b5-2997c21117f4', 'created_at': '2025-05-19T11:34:29.298012'}] count=None
[2025-05-19 14:34:27] ✅ Successfully inserted: SALSA CUCINA ANT ALL ARRABBIATA 190 G
[2025-05-19 14:34:27] Attempting to insert product: {'name': "SALSA BBQ BULL'S-EYE ORIGINAL 300 G", 'price': 3.75, 'category': 'Sal, salsas y especias', 'store_id': 'condisline', 'quantity': '12,50€/Kilo'}
[2025-05-19 14:34:27] Supabase Response: data=[{'name': "SALSA BBQ BULL'S-EYE ORIGINAL 300 G", 'price': 3.75, 'category': 'Sal, salsas y especias', 'store_id': 'condisline', 'quantity': '12,50€/Kilo', 'id': '22ffd8e1-253f-4f98-b931-68e9bc732de6', 'created_at': '2025-05-19T11:34:29.543952'}] count=None
[2025-05-19 14:34:27] ✅ Successfully inserted: SALSA BBQ BULL'S-EYE ORIGINAL 300 G
[2025-05-19 14:34:27] Attempting to insert product: {'name': 'SAL ROSA DEL HIMALAYA DANI 100 G', 'price': 2.49, 'category': 'Sal, salsas y especias', 'store_id': 'condisline', 'quantity': '24,90€/Kilo'}
[2025-05-19 14:34:28] Supabase Response: data=[{'name': 'SAL ROSA DEL HIMALAYA DANI 100 G', 'price': 2.49, 'category': 'Sal, salsas y especias', 'store_id': 'condisline', 'quantity': '24,90€/Kilo', 'id': '149a69c8-f29a-451c-bd41-b1012dafa48b', 'created_at': '2025-05-19T11:34:29.813223'}] count=None
[2025-05-19 14:34:28] ✅ Successfully inserted: SAL ROSA DEL HIMALAYA DANI 100 G
[2025-05-19 14:34:28] Attempting to insert product: {'name': 'CEBOLLA FRITA DANI BOLSA 115 G', 'price': 1.99, 'category': 'Sal, salsas y especias', 'store_id': 'condisline', 'quantity': '17,30€/Kilo'}
[2025-05-19 14:34:28] Supabase Response: data=[{'name': 'CEBOLLA FRITA DANI BOLSA 115 G', 'price': 1.99, 'category': 'Sal, salsas y especias', 'store_id': 'condisline', 'quantity': '17,30€/Kilo', 'id': '013400b8-4b0c-423e-8805-8ed33c7ce93b', 'created_at': '2025-05-19T11:34:30.109129'}] count=None
[2025-05-19 14:34:28] ✅ Successfully inserted: CEBOLLA FRITA DANI BOLSA 115 G
[2025-05-19 14:34:28] Attempting to insert product: {'name': 'SAZONADOR CHIMICHURRI DANI 15 G', 'price': 1.15, 'category': 'Sal, salsas y especias', 'store_id': 'condisline', 'quantity': '76,67€/Kilo'}
[2025-05-19 14:34:28] Supabase Response: data=[{'name': 'SAZONADOR CHIMICHURRI DANI 15 G', 'price': 1.15, 'category': 'Sal, salsas y especias', 'store_id': 'condisline', 'quantity': '76,67€/Kilo', 'id': 'b969b06f-b14b-408e-bf72-a4c0c6a15610', 'created_at': '2025-05-19T11:34:30.510442'}] count=None
[2025-05-19 14:34:28] ✅ Successfully inserted: SAZONADOR CHIMICHURRI DANI 15 G
[2025-05-19 14:34:28] Attempting to insert product: {'name': 'VAINILLA CONDIS AZUCARADA 75 G', 'price': 0.85, 'category': 'Sal, salsas y especias', 'store_id': 'condisline', 'quantity': '11,33€/Kilo'}
[2025-05-19 14:34:28] Supabase Response: data=[{'name': 'VAINILLA CONDIS AZUCARADA 75 G', 'price': 0.85, 'category': 'Sal, salsas y especias', 'store_id': 'condisline', 'quantity': '11,33€/Kilo', 'id': '80ab9a75-9c6d-4ff1-9003-79a116ba01ae', 'created_at': '2025-05-19T11:34:30.81778'}] count=None
[2025-05-19 14:34:28] ✅ Successfully inserted: VAINILLA CONDIS AZUCARADA 75 G
[2025-05-19 14:34:28] Attempting to insert product: {'name': 'NUEZ MOSCAD CONDIS MOLIDA 45 G', 'price': 1.39, 'category': 'Sal, salsas y especias', 'store_id': 'condisline', 'quantity': '30,89€/Kilo'}
[2025-05-19 14:34:29] Supabase Response: data=[{'name': 'NUEZ MOSCAD CONDIS MOLIDA 45 G', 'price': 1.39, 'category': 'Sal, salsas y especias', 'store_id': 'condisline', 'quantity': '30,89€/Kilo', 'id': '52a38722-9b50-42e2-86c6-8d56d80a4c80', 'created_at': '2025-05-19T11:34:31.063396'}] count=None
[2025-05-19 14:34:29] ✅ Successfully inserted: NUEZ MOSCAD CONDIS MOLIDA 45 G
[2025-05-19 14:34:29] Attempting to insert product: {'name': 'PICADES CONDIS  25 G', 'price': 0.79, 'category': 'Sal, salsas y especias', 'store_id': 'condisline', 'quantity': '31,60€/Kilo'}
[2025-05-19 14:34:29] Supabase Response: data=[{'name': 'PICADES CONDIS  25 G', 'price': 0.79, 'category': 'Sal, salsas y especias', 'store_id': 'condisline', 'quantity': '31,60€/Kilo', 'id': 'bf5a6e2a-fbea-4748-acf0-01327d505138', 'created_at': '2025-05-19T11:34:31.324482'}] count=None
[2025-05-19 14:34:29] ✅ Successfully inserted: PICADES CONDIS  25 G
[2025-05-19 14:34:29] Attempting to insert product: {'name': 'TOMILLO CONDIS HOJA 18 G', 'price': 0.79, 'category': 'Sal, salsas y especias', 'store_id': 'condisline', 'quantity': '43,89€/Kilo'}
[2025-05-19 14:34:29] Supabase Response: data=[{'name': 'TOMILLO CONDIS HOJA 18 G', 'price': 0.79, 'category': 'Sal, salsas y especias', 'store_id': 'condisline', 'quantity': '43,89€/Kilo', 'id': '2e7eb75a-cd3d-420f-9a5f-0902ef26dc7a', 'created_at': '2025-05-19T11:34:31.566639'}] count=None
[2025-05-19 14:34:29] ✅ Successfully inserted: TOMILLO CONDIS HOJA 18 G
[2025-05-19 14:34:29] Attempting to insert product: {'name': 'GUINDILLA CONDIS RAMA(CAYENA) 17 G', 'price': 0.75, 'category': 'Sal, salsas y especias', 'store_id': 'condisline', 'quantity': '44,12€/Kilo'}
[2025-05-19 14:34:30] Supabase Response: data=[{'name': 'GUINDILLA CONDIS RAMA(CAYENA) 17 G', 'price': 0.75, 'category': 'Sal, salsas y especias', 'store_id': 'condisline', 'quantity': '44,12€/Kilo', 'id': '3efb8f9e-4be6-45d8-9dc2-2735a2f1c139', 'created_at': '2025-05-19T11:34:31.813991'}] count=None
[2025-05-19 14:34:30] ✅ Successfully inserted: GUINDILLA CONDIS RAMA(CAYENA) 17 G
[2025-05-19 14:34:30] Attempting to insert product: {'name': '5 PIMIENTAS DANI 180 G', 'price': 6.79, 'category': 'Sal, salsas y especias', 'store_id': 'condisline', 'quantity': '37,72€/Kilo'}
[2025-05-19 14:34:30] Supabase Response: data=[{'name': '5 PIMIENTAS DANI 180 G', 'price': 6.79, 'category': 'Sal, salsas y especias', 'store_id': 'condisline', 'quantity': '37,72€/Kilo', 'id': 'd18c3655-21f1-4f23-bb41-f1f027effec4', 'created_at': '2025-05-19T11:34:32.251251'}] count=None
[2025-05-19 14:34:30] ✅ Successfully inserted: 5 PIMIENTAS DANI 180 G
[2025-05-19 14:34:30] Attempting to insert product: {'name': 'ROMERO HOJA DANI 15 G', 'price': 0.89, 'category': 'Sal, salsas y especias', 'store_id': 'condisline', 'quantity': '59,33€/Kilo'}
[2025-05-19 14:34:30] Supabase Response: data=[{'name': 'ROMERO HOJA DANI 15 G', 'price': 0.89, 'category': 'Sal, salsas y especias', 'store_id': 'condisline', 'quantity': '59,33€/Kilo', 'id': '48925238-a7de-4f06-af0e-8191bfb9a066', 'created_at': '2025-05-19T11:34:32.536633'}] count=None
[2025-05-19 14:34:30] ✅ Successfully inserted: ROMERO HOJA DANI 15 G
[2025-05-19 14:34:30] Attempting to insert product: {'name': 'HIERBAS PROVENZALES DANI  BOLSA 40 G', 'price': 1.15, 'category': 'Sal, salsas y especias', 'store_id': 'condisline', 'quantity': '28,75€/Kilo'}
[2025-05-19 14:34:31] Supabase Response: data=[{'name': 'HIERBAS PROVENZALES DANI  BOLSA 40 G', 'price': 1.15, 'category': 'Sal, salsas y especias', 'store_id': 'condisline', 'quantity': '28,75€/Kilo', 'id': '0b3c6dcc-2d04-498b-84c6-6a194413f996', 'created_at': '2025-05-19T11:34:32.852067'}] count=None
[2025-05-19 14:34:31] ✅ Successfully inserted: HIERBAS PROVENZALES DANI  BOLSA 40 G
[2025-05-19 14:34:31] Attempting to insert product: {'name': 'COMINO CONDIS MOLIDO 45 G', 'price': 0.93, 'category': 'Sal, salsas y especias', 'store_id': 'condisline', 'quantity': '20,67€/Kilo'}
[2025-05-19 14:34:31] Supabase Response: data=[{'name': 'COMINO CONDIS MOLIDO 45 G', 'price': 0.93, 'category': 'Sal, salsas y especias', 'store_id': 'condisline', 'quantity': '20,67€/Kilo', 'id': 'daec69ab-74e3-4a5a-a1a0-52064a63ebc0', 'created_at': '2025-05-19T11:34:33.204045'}] count=None
[2025-05-19 14:34:31] ✅ Successfully inserted: COMINO CONDIS MOLIDO 45 G
[2025-05-19 14:34:31] Attempting to insert product: {'name': 'PIMENTON CONDIS PICANTE 45 G', 'price': 0.83, 'category': 'Sal, salsas y especias', 'store_id': 'condisline', 'quantity': '18,44€/Kilo'}
[2025-05-19 14:34:31] Supabase Response: data=[{'name': 'PIMENTON CONDIS PICANTE 45 G', 'price': 0.83, 'category': 'Sal, salsas y especias', 'store_id': 'condisline', 'quantity': '18,44€/Kilo', 'id': '6c471c9e-7562-4405-88c0-1347953fe7eb', 'created_at': '2025-05-19T11:34:33.48963'}] count=None
[2025-05-19 14:34:31] ✅ Successfully inserted: PIMENTON CONDIS PICANTE 45 G
[2025-05-19 14:34:31] Attempting to insert product: {'name': 'SALSA ZANUY TACO SIN GLUTEN 200 G', 'price': 1.89, 'category': 'Sal, salsas y especias', 'store_id': 'condisline', 'quantity': '9,45€/Kilo'}
[2025-05-19 14:34:31] Supabase Response: data=[{'name': 'SALSA ZANUY TACO SIN GLUTEN 200 G', 'price': 1.89, 'category': 'Sal, salsas y especias', 'store_id': 'condisline', 'quantity': '9,45€/Kilo', 'id': '69c06c50-ec73-4e4b-a2bc-d9c23f00648e', 'created_at': '2025-05-19T11:34:33.706369'}] count=None
[2025-05-19 14:34:31] ✅ Successfully inserted: SALSA ZANUY TACO SIN GLUTEN 200 G
[2025-05-19 14:34:31] Attempting to insert product: {'name': 'SAL GRUESA DANI 100 G', 'price': 2.55, 'category': 'Sal, salsas y especias', 'store_id': 'condisline', 'quantity': '25,50€/Kilo'}
[2025-05-19 14:34:32] Supabase Response: data=[{'name': 'SAL GRUESA DANI 100 G', 'price': 2.55, 'category': 'Sal, salsas y especias', 'store_id': 'condisline', 'quantity': '25,50€/Kilo', 'id': 'f7af822f-2e9a-4b61-9085-eb733b36b371', 'created_at': '2025-05-19T11:34:33.987814'}] count=None
[2025-05-19 14:34:32] ✅ Successfully inserted: SAL GRUESA DANI 100 G
[2025-05-19 14:34:32] Attempting to insert product: {'name': 'AJO Y PEREJIL DANI BOLSA 40 G', 'price': 1.59, 'category': 'Sal, salsas y especias', 'store_id': 'condisline', 'quantity': '39,75€/Kilo'}
[2025-05-19 14:34:32] Supabase Response: data=[{'name': 'AJO Y PEREJIL DANI BOLSA 40 G', 'price': 1.59, 'category': 'Sal, salsas y especias', 'store_id': 'condisline', 'quantity': '39,75€/Kilo', 'id': '99eb589a-82d0-459a-a96a-195ff5963dfe', 'created_at': '2025-05-19T11:34:34.401105'}] count=None
[2025-05-19 14:34:32] ✅ Successfully inserted: AJO Y PEREJIL DANI BOLSA 40 G
[2025-05-19 14:34:32] Attempting to insert product: {'name': 'BOLETUS 100% CEPS DANI BOLSA 20 G', 'price': 4.44, 'category': 'Sal, salsas y especias', 'store_id': 'condisline', 'quantity': '222,00€/Kilo'}
[2025-05-19 14:34:32] Supabase Response: data=[{'name': 'BOLETUS 100% CEPS DANI BOLSA 20 G', 'price': 4.44, 'category': 'Sal, salsas y especias', 'store_id': 'condisline', 'quantity': '222,00€/Kilo', 'id': '913b5917-5a1c-4b6f-9e6b-d06bf10b59f7', 'created_at': '2025-05-19T11:34:34.627961'}] count=None
[2025-05-19 14:34:32] ✅ Successfully inserted: BOLETUS 100% CEPS DANI BOLSA 20 G
[2025-05-19 14:34:32] Attempting to insert product: {'name': 'CAYENA EN RAMA DANI BOLSA 40 G', 'price': 1.83, 'category': 'Sal, salsas y especias', 'store_id': 'condisline', 'quantity': '45,75€/Kilo'}
[2025-05-19 14:34:33] Supabase Response: data=[{'name': 'CAYENA EN RAMA DANI BOLSA 40 G', 'price': 1.83, 'category': 'Sal, salsas y especias', 'store_id': 'condisline', 'quantity': '45,75€/Kilo', 'id': '22c41c02-55ab-45db-ba8c-68226ae87cf4', 'created_at': '2025-05-19T11:34:34.91614'}] count=None
[2025-05-19 14:34:33] ✅ Successfully inserted: CAYENA EN RAMA DANI BOLSA 40 G
[2025-05-19 14:34:33] Attempting to insert product: {'name': 'FINAS HIERBAS CONDIS  18 G', 'price': 0.85, 'category': 'Sal, salsas y especias', 'store_id': 'condisline', 'quantity': '47,22€/Kilo'}
[2025-05-19 14:34:33] Supabase Response: data=[{'name': 'FINAS HIERBAS CONDIS  18 G', 'price': 0.85, 'category': 'Sal, salsas y especias', 'store_id': 'condisline', 'quantity': '47,22€/Kilo', 'id': '961017d0-a3db-44fe-9706-baa7cd7623b0', 'created_at': '2025-05-19T11:34:35.333272'}] count=None
[2025-05-19 14:34:33] ✅ Successfully inserted: FINAS HIERBAS CONDIS  18 G
[2025-05-19 14:34:33] Attempting to insert product: {'name': 'SAL FRUTAS COSTA  150 G', 'price': 3.69, 'category': 'Sal, salsas y especias', 'store_id': 'condisline', 'quantity': '24,60€/Kilo'}
[2025-05-19 14:34:34] Supabase Response: data=[{'name': 'SAL FRUTAS COSTA  150 G', 'price': 3.69, 'category': 'Sal, salsas y especias', 'store_id': 'condisline', 'quantity': '24,60€/Kilo', 'id': '5c475709-ed18-4193-a374-98080401c0a4', 'created_at': '2025-05-19T11:34:35.554871'}] count=None
[2025-05-19 14:34:34] ✅ Successfully inserted: SAL FRUTAS COSTA  150 G
[2025-05-19 14:34:34] Attempting to insert product: {'name': 'RAGU CUCINA ANT DI MANZO 190 G', 'price': 3.85, 'category': 'Sal, salsas y especias', 'store_id': 'condisline', 'quantity': '20,26€/Kilo'}
[2025-05-19 14:34:34] Supabase Response: data=[{'name': 'RAGU CUCINA ANT DI MANZO 190 G', 'price': 3.85, 'category': 'Sal, salsas y especias', 'store_id': 'condisline', 'quantity': '20,26€/Kilo', 'id': '1608fa65-c7aa-4727-88f2-2c23d9b40c10', 'created_at': '2025-05-19T11:34:36.455878'}] count=None
[2025-05-19 14:34:34] ✅ Successfully inserted: RAGU CUCINA ANT DI MANZO 190 G
[2025-05-19 14:34:34] Attempting to insert product: {'name': 'POMODORINA CUCINA ANT ACEITE OLIVA 230 G', 'price': 2.85, 'category': 'Sal, salsas y especias', 'store_id': 'condisline', 'quantity': '12,39€/Kilo'}
[2025-05-19 14:34:34] Supabase Response: data=[{'name': 'POMODORINA CUCINA ANT ACEITE OLIVA 230 G', 'price': 2.85, 'category': 'Sal, salsas y especias', 'store_id': 'condisline', 'quantity': '12,39€/Kilo', 'id': 'd77bafde-2954-4091-a6dc-6d15ecd5768a', 'created_at': '2025-05-19T11:34:36.676436'}] count=None
[2025-05-19 14:34:34] ✅ Successfully inserted: POMODORINA CUCINA ANT ACEITE OLIVA 230 G
[2025-05-19 14:34:34] Attempting to insert product: {'name': 'SALSA LEA PERRIN ORIGINAL 150 ML', 'price': 3.25, 'category': 'Sal, salsas y especias', 'store_id': 'condisline', 'quantity': '21,67€/Kilo'}
[2025-05-19 14:34:35] Supabase Response: data=[{'name': 'SALSA LEA PERRIN ORIGINAL 150 ML', 'price': 3.25, 'category': 'Sal, salsas y especias', 'store_id': 'condisline', 'quantity': '21,67€/Kilo', 'id': '24e27f3c-c0dc-426c-8236-54541321743e', 'created_at': '2025-05-19T11:34:36.923383'}] count=None
[2025-05-19 14:34:35] ✅ Successfully inserted: SALSA LEA PERRIN ORIGINAL 150 ML
[2025-05-19 14:34:35] Attempting to insert product: {'name': 'MAYONESA HEINZ CEBOLLA CARAMELIZADA Y AJO 395 G', 'price': 3.35, 'category': 'Sal, salsas y especias', 'store_id': 'condisline', 'quantity': '8,48€/Kilo'}
[2025-05-19 14:34:35] Supabase Response: data=[{'name': 'MAYONESA HEINZ CEBOLLA CARAMELIZADA Y AJO 395 G', 'price': 3.35, 'category': 'Sal, salsas y especias', 'store_id': 'condisline', 'quantity': '8,48€/Kilo', 'id': '7b970403-a3c3-433c-ae7b-83eae87d7da7', 'created_at': '2025-05-19T11:34:37.155522'}] count=None
[2025-05-19 14:34:35] ✅ Successfully inserted: MAYONESA HEINZ CEBOLLA CARAMELIZADA Y AJO 395 G
[2025-05-19 14:34:35] Attempting to insert product: {'name': 'SENDERUELA DANI MOIXERONS BOLSA 20 G', 'price': 4.85, 'category': 'Sal, salsas y especias', 'store_id': 'condisline', 'quantity': '242,50€/Kilo'}
[2025-05-19 14:34:35] Supabase Response: data=[{'name': 'SENDERUELA DANI MOIXERONS BOLSA 20 G', 'price': 4.85, 'category': 'Sal, salsas y especias', 'store_id': 'condisline', 'quantity': '242,50€/Kilo', 'id': 'ebbc3841-8dd2-4873-ad17-f31743012320', 'created_at': '2025-05-19T11:34:37.373584'}] count=None
[2025-05-19 14:34:35] ✅ Successfully inserted: SENDERUELA DANI MOIXERONS BOLSA 20 G
[2025-05-19 14:34:35] Attempting to insert product: {'name': 'ENELDO EN HOJA DANI 17 G', 'price': 1.29, 'category': 'Sal, salsas y especias', 'store_id': 'condisline', 'quantity': '75,88€/Kilo'}
[2025-05-19 14:34:35] Supabase Response: data=[{'name': 'ENELDO EN HOJA DANI 17 G', 'price': 1.29, 'category': 'Sal, salsas y especias', 'store_id': 'condisline', 'quantity': '75,88€/Kilo', 'id': '88271bb4-6837-42f3-91b0-6b31422cd92b', 'created_at': '2025-05-19T11:34:37.586796'}] count=None
[2025-05-19 14:34:35] ✅ Successfully inserted: ENELDO EN HOJA DANI 17 G
[2025-05-19 14:34:35] Attempting to insert product: {'name': 'OREGANO CONDIS MOLIDO 30 G', 'price': 0.85, 'category': 'Sal, salsas y especias', 'store_id': 'condisline', 'quantity': '28,33€/Kilo'}
[2025-05-19 14:34:35] Supabase Response: data=[{'name': 'OREGANO CONDIS MOLIDO 30 G', 'price': 0.85, 'category': 'Sal, salsas y especias', 'store_id': 'condisline', 'quantity': '28,33€/Kilo', 'id': '90a21200-e259-406c-9609-f540e0561033', 'created_at': '2025-05-19T11:34:37.824085'}] count=None
[2025-05-19 14:34:35] ✅ Successfully inserted: OREGANO CONDIS MOLIDO 30 G
[2025-05-19 14:34:35] Attempting to insert product: {'name': 'PIMIENTA CONDIS BLANCA MOLIDA 45 G', 'price': 1.19, 'category': 'Sal, salsas y especias', 'store_id': 'condisline', 'quantity': '26,44€/Kilo'}
[2025-05-19 14:34:36] Supabase Response: data=[{'name': 'PIMIENTA CONDIS BLANCA MOLIDA 45 G', 'price': 1.19, 'category': 'Sal, salsas y especias', 'store_id': 'condisline', 'quantity': '26,44€/Kilo', 'id': 'f3b7f465-6c60-429a-b9e0-6f8ad048befa', 'created_at': '2025-05-19T11:34:38.055548'}] count=None
[2025-05-19 14:34:36] ✅ Successfully inserted: PIMIENTA CONDIS BLANCA MOLIDA 45 G
[2025-05-19 14:34:36] Attempting to insert product: {'name': 'SAZONADOR PAELLA CON AZAFRÁN DANI 9 G', 'price': 1.85, 'category': 'Sal, salsas y especias', 'store_id': 'condisline', 'quantity': ''}
[2025-05-19 14:34:36] Supabase Response: data=[{'name': 'SAZONADOR PAELLA CON AZAFRÁN DANI 9 G', 'price': 1.85, 'category': 'Sal, salsas y especias', 'store_id': 'condisline', 'quantity': '', 'id': '4017a189-d99f-42e4-8da2-da6b07d2c8b2', 'created_at': '2025-05-19T11:34:38.296067'}] count=None
[2025-05-19 14:34:36] ✅ Successfully inserted: SAZONADOR PAELLA CON AZAFRÁN DANI 9 G
[2025-05-19 14:34:36] Attempting to insert product: {'name': 'SALSA FERRER CALÇOTS PREMIUM 385 G', 'price': 5.49, 'category': 'Sal, salsas y especias', 'store_id': 'condisline', 'quantity': '14,26€/Kilo'}
[2025-05-19 14:34:36] Supabase Response: data=[{'name': 'SALSA FERRER CALÇOTS PREMIUM 385 G', 'price': 5.49, 'category': 'Sal, salsas y especias', 'store_id': 'condisline', 'quantity': '14,26€/Kilo', 'id': 'fea4d66e-bed5-4fc3-b5bb-3ad091b0b0b5', 'created_at': '2025-05-19T11:34:38.533555'}] count=None
[2025-05-19 14:34:36] ✅ Successfully inserted: SALSA FERRER CALÇOTS PREMIUM 385 G
[2025-05-19 14:34:36] Attempting to insert product: {'name': 'SAZONADOR SABOR MÉXICO DANI 40 G', 'price': 1.75, 'category': 'Sal, salsas y especias', 'store_id': 'condisline', 'quantity': '43,75€/Kilo'}
[2025-05-19 14:34:36] Supabase Response: data=[{'name': 'SAZONADOR SABOR MÉXICO DANI 40 G', 'price': 1.75, 'category': 'Sal, salsas y especias', 'store_id': 'condisline', 'quantity': '43,75€/Kilo', 'id': 'c84f819f-d890-4d4e-8c01-7e4d28fd8dcf', 'created_at': '2025-05-19T11:34:38.751789'}] count=None
[2025-05-19 14:34:36] ✅ Successfully inserted: SAZONADOR SABOR MÉXICO DANI 40 G
[2025-05-19 14:34:36] Attempting to insert product: {'name': 'PIMIENTA DE CAYENA DANI 45 G', 'price': 0.95, 'category': 'Sal, salsas y especias', 'store_id': 'condisline', 'quantity': '21,11€/Kilo'}
[2025-05-19 14:34:37] Supabase Response: data=[{'name': 'PIMIENTA DE CAYENA DANI 45 G', 'price': 0.95, 'category': 'Sal, salsas y especias', 'store_id': 'condisline', 'quantity': '21,11€/Kilo', 'id': 'ca254894-f8ca-4f7a-9af2-305dfae65f80', 'created_at': '2025-05-19T11:34:39.020076'}] count=None
[2025-05-19 14:34:37] ✅ Successfully inserted: PIMIENTA DE CAYENA DANI 45 G
[2025-05-19 14:34:37] Attempting to insert product: {'name': 'PEREJIL HOJA DANI BOLSA 40 G', 'price': 1.79, 'category': 'Sal, salsas y especias', 'store_id': 'condisline', 'quantity': '44,75€/Kilo'}
[2025-05-19 14:34:37] Supabase Response: data=[{'name': 'PEREJIL HOJA DANI BOLSA 40 G', 'price': 1.79, 'category': 'Sal, salsas y especias', 'store_id': 'condisline', 'quantity': '44,75€/Kilo', 'id': '7d8f1a4e-2efe-43a0-a71f-192e72b06d11', 'created_at': '2025-05-19T11:34:39.295133'}] count=None
[2025-05-19 14:34:37] ✅ Successfully inserted: PEREJIL HOJA DANI BOLSA 40 G
[2025-05-19 14:34:37] Attempting to insert product: {'name': 'ROMERO EN HOJA DANI BOLSA 40 G', 'price': 0.95, 'category': 'Sal, salsas y especias', 'store_id': 'condisline', 'quantity': '23,75€/Kilo'}
[2025-05-19 14:34:37] Supabase Response: data=[{'name': 'ROMERO EN HOJA DANI BOLSA 40 G', 'price': 0.95, 'category': 'Sal, salsas y especias', 'store_id': 'condisline', 'quantity': '23,75€/Kilo', 'id': '735ca821-6667-4a0c-8d0a-2214c73042e7', 'created_at': '2025-05-19T11:34:39.622509'}] count=None
[2025-05-19 14:34:37] ✅ Successfully inserted: ROMERO EN HOJA DANI BOLSA 40 G
[2025-05-19 14:34:37] Attempting to insert product: {'name': 'NUEZ MOSCADA ENTERA DANI 35 G', 'price': 1.69, 'category': 'Sal, salsas y especias', 'store_id': 'condisline', 'quantity': '84,50€/Kilo'}
[2025-05-19 14:34:38] Supabase Response: data=[{'name': 'NUEZ MOSCADA ENTERA DANI 35 G', 'price': 1.69, 'category': 'Sal, salsas y especias', 'store_id': 'condisline', 'quantity': '84,50€/Kilo', 'id': 'fcaa581f-8c5d-4e9c-a015-378bdb3cd855', 'created_at': '2025-05-19T11:34:39.930716'}] count=None
[2025-05-19 14:34:38] ✅ Successfully inserted: NUEZ MOSCADA ENTERA DANI 35 G
[2025-05-19 14:34:38] Attempting to insert product: {'name': 'CLAVO CONDIS GRANO 30 G', 'price': 1.19, 'category': 'Sal, salsas y especias', 'store_id': 'condisline', 'quantity': '39,67€/Kilo'}
[2025-05-19 14:34:38] Supabase Response: data=[{'name': 'CLAVO CONDIS GRANO 30 G', 'price': 1.19, 'category': 'Sal, salsas y especias', 'store_id': 'condisline', 'quantity': '39,67€/Kilo', 'id': 'c8e8f021-30ba-4bb4-8e52-e7216727693e', 'created_at': '2025-05-19T11:34:40.157511'}] count=None
[2025-05-19 14:34:38] ✅ Successfully inserted: CLAVO CONDIS GRANO 30 G
[2025-05-19 14:34:38] Attempting to insert product: {'name': 'MOSTAZA COOSUR BOCABAJO 300 G', 'price': 1.15, 'category': 'Sal, salsas y especias', 'store_id': 'condisline', 'quantity': '3,83€/Kilo'}
[2025-05-19 14:34:38] Supabase Response: data=[{'name': 'MOSTAZA COOSUR BOCABAJO 300 G', 'price': 1.15, 'category': 'Sal, salsas y especias', 'store_id': 'condisline', 'quantity': '3,83€/Kilo', 'id': '8880e020-bb67-4487-b2a8-a41d05fb9db0', 'created_at': '2025-05-19T11:34:40.445735'}] count=None
[2025-05-19 14:34:38] ✅ Successfully inserted: MOSTAZA COOSUR BOCABAJO 300 G
[2025-05-19 14:34:38] Attempting to insert product: {'name': 'MAYONESA CHOVI ORIGINAL PET 400 G', 'price': 1.99, 'category': 'Sal, salsas y especias', 'store_id': 'condisline', 'quantity': '4,98€/Kilo'}
[2025-05-19 14:34:39] Supabase Response: data=[{'name': 'MAYONESA CHOVI ORIGINAL PET 400 G', 'price': 1.99, 'category': 'Sal, salsas y especias', 'store_id': 'condisline', 'quantity': '4,98€/Kilo', 'id': '2b200dcb-11c8-4785-8066-1b8bd7d7ae57', 'created_at': '2025-05-19T11:34:40.669178'}] count=None
[2025-05-19 14:34:39] ✅ Successfully inserted: MAYONESA CHOVI ORIGINAL PET 400 G
[2025-05-19 14:34:39] Attempting to insert product: {'name': 'KETCHUP SOLIS TOMATE CULTIVO 550 G', 'price': 2.85, 'category': 'Sal, salsas y especias', 'store_id': 'condisline', 'quantity': '5,18€/Kilo'}
[2025-05-19 14:34:39] Supabase Response: data=[{'name': 'KETCHUP SOLIS TOMATE CULTIVO 550 G', 'price': 2.85, 'category': 'Sal, salsas y especias', 'store_id': 'condisline', 'quantity': '5,18€/Kilo', 'id': '48b7e659-c164-417f-a8ae-b03ec8f37c56', 'created_at': '2025-05-19T11:34:41.076182'}] count=None
[2025-05-19 14:34:39] ✅ Successfully inserted: KETCHUP SOLIS TOMATE CULTIVO 550 G
[2025-05-19 14:34:39] Attempting to insert product: {'name': 'PESTO ROSSO CUCINA ANT  190 G', 'price': 4.75, 'category': 'Sal, salsas y especias', 'store_id': 'condisline', 'quantity': '25,00€/Kilo'}
[2025-05-19 14:34:40] Supabase Response: data=[{'name': 'PESTO ROSSO CUCINA ANT  190 G', 'price': 4.75, 'category': 'Sal, salsas y especias', 'store_id': 'condisline', 'quantity': '25,00€/Kilo', 'id': '6a03fdf5-19fd-4cda-83ff-230106296793', 'created_at': '2025-05-19T11:34:41.585479'}] count=None
[2025-05-19 14:34:40] ✅ Successfully inserted: PESTO ROSSO CUCINA ANT  190 G
[2025-05-19 14:34:40] Attempting to insert product: {'name': 'SALSA FERRER XATÓ 135 G', 'price': 2.25, 'category': 'Sal, salsas y especias', 'store_id': 'condisline', 'quantity': '16,67€/Kilo'}
[2025-05-19 14:34:40] Supabase Response: data=[{'name': 'SALSA FERRER XATÓ 135 G', 'price': 2.25, 'category': 'Sal, salsas y especias', 'store_id': 'condisline', 'quantity': '16,67€/Kilo', 'id': 'fae96958-80b8-4f5d-8f06-b68486273608', 'created_at': '2025-05-19T11:34:42.489583'}] count=None
[2025-05-19 14:34:40] ✅ Successfully inserted: SALSA FERRER XATÓ 135 G
[2025-05-19 14:34:40] Attempting to insert product: {'name': 'COMINOS EN GRANO DANI 38 G', 'price': 1.29, 'category': 'Sal, salsas y especias', 'store_id': 'condisline', 'quantity': '33,95€/Kilo'}
[2025-05-19 14:34:41] Supabase Response: data=[{'name': 'COMINOS EN GRANO DANI 38 G', 'price': 1.29, 'category': 'Sal, salsas y especias', 'store_id': 'condisline', 'quantity': '33,95€/Kilo', 'id': '3da1130f-69c0-47b9-8412-9a5b6530a942', 'created_at': '2025-05-19T11:34:42.886236'}] count=None
[2025-05-19 14:34:41] ✅ Successfully inserted: COMINOS EN GRANO DANI 38 G
[2025-05-19 14:34:41] Attempting to insert product: {'name': 'SAZONADOR SABOR ITALIA DANI 45 G', 'price': 3.39, 'category': 'Sal, salsas y especias', 'store_id': 'condisline', 'quantity': '75,33€/Kilo'}
[2025-05-19 14:34:41] Supabase Response: data=[{'name': 'SAZONADOR SABOR ITALIA DANI 45 G', 'price': 3.39, 'category': 'Sal, salsas y especias', 'store_id': 'condisline', 'quantity': '75,33€/Kilo', 'id': '50dc67ac-0716-400c-ac21-716d5ff6c954', 'created_at': '2025-05-19T11:34:43.12667'}] count=None
[2025-05-19 14:34:41] ✅ Successfully inserted: SAZONADOR SABOR ITALIA DANI 45 G
[2025-05-19 14:34:41] Attempting to insert product: {'name': 'SAL ROSA DEL HIMALAYA DANI 425 G', 'price': 4.69, 'category': 'Sal, salsas y especias', 'store_id': 'condisline', 'quantity': '11,04€/Kilo'}
[2025-05-19 14:34:42] Supabase Response: data=[{'name': 'SAL ROSA DEL HIMALAYA DANI 425 G', 'price': 4.69, 'category': 'Sal, salsas y especias', 'store_id': 'condisline', 'quantity': '11,04€/Kilo', 'id': '6f33f611-d4d4-49c4-bafb-559981c41257', 'created_at': '2025-05-19T11:34:43.517142'}] count=None
[2025-05-19 14:34:42] ✅ Successfully inserted: SAL ROSA DEL HIMALAYA DANI 425 G
[2025-05-19 14:34:42] Attempting to insert product: {'name': 'PIMENTÓN PICANTE AHUMADO DANI 75 G', 'price': 2.99, 'category': 'Sal, salsas y especias', 'store_id': 'condisline', 'quantity': '39,87€/Kilo'}
[2025-05-19 14:34:43] Supabase Response: data=[{'name': 'PIMENTÓN PICANTE AHUMADO DANI 75 G', 'price': 2.99, 'category': 'Sal, salsas y especias', 'store_id': 'condisline', 'quantity': '39,87€/Kilo', 'id': '769fcf7b-0acd-4005-a069-1d483254ec37', 'created_at': '2025-05-19T11:34:44.287773'}] count=None
[2025-05-19 14:34:43] ✅ Successfully inserted: PIMENTÓN PICANTE AHUMADO DANI 75 G
[2025-05-19 14:34:43] Attempting to insert product: {'name': 'SAZONADOR PARA BARBACOA DANI 250 G', 'price': 6.29, 'category': 'Sal, salsas y especias', 'store_id': 'condisline', 'quantity': '25,16€/Kilo'}
[2025-05-19 14:34:43] Supabase Response: data=[{'name': 'SAZONADOR PARA BARBACOA DANI 250 G', 'price': 6.29, 'category': 'Sal, salsas y especias', 'store_id': 'condisline', 'quantity': '25,16€/Kilo', 'id': 'd8de8373-acc7-41f5-ae00-364f163c31d7', 'created_at': '2025-05-19T11:34:45.479465'}] count=None
[2025-05-19 14:34:43] ✅ Successfully inserted: SAZONADOR PARA BARBACOA DANI 250 G
[2025-05-19 14:34:43] Attempting to insert product: {'name': 'TOMILLO HOJA DANI BOLSA 40 G', 'price': 1.99, 'category': 'Sal, salsas y especias', 'store_id': 'condisline', 'quantity': '49,75€/Kilo'}
[2025-05-19 14:34:43] Supabase Response: data=[{'name': 'TOMILLO HOJA DANI BOLSA 40 G', 'price': 1.99, 'category': 'Sal, salsas y especias', 'store_id': 'condisline', 'quantity': '49,75€/Kilo', 'id': '5966f19b-20f1-44e9-8c00-ab1e345e769f', 'created_at': '2025-05-19T11:34:45.772349'}] count=None
[2025-05-19 14:34:43] ✅ Successfully inserted: TOMILLO HOJA DANI BOLSA 40 G
[2025-05-19 14:34:43] Attempting to insert product: {'name': 'PREPARADO CONDIS PAELLA 45 G', 'price': 0.85, 'category': 'Sal, salsas y especias', 'store_id': 'condisline', 'quantity': '18,89€/Kilo'}
[2025-05-19 14:34:44] Supabase Response: data=[{'name': 'PREPARADO CONDIS PAELLA 45 G', 'price': 0.85, 'category': 'Sal, salsas y especias', 'store_id': 'condisline', 'quantity': '18,89€/Kilo', 'id': '29c8c7d1-abf3-449f-b765-4ad94ace0cf4', 'created_at': '2025-05-19T11:34:46.003581'}] count=None
[2025-05-19 14:34:44] ✅ Successfully inserted: PREPARADO CONDIS PAELLA 45 G
[2025-05-19 14:34:44] Attempting to insert product: {'name': 'SAZONADOR SABOR HISPANIA DANI 40 G', 'price': 3.05, 'category': 'Sal, salsas y especias', 'store_id': 'condisline', 'quantity': '76,25€/Kilo'}
[2025-05-19 14:34:44] Supabase Response: data=[{'name': 'SAZONADOR SABOR HISPANIA DANI 40 G', 'price': 3.05, 'category': 'Sal, salsas y especias', 'store_id': 'condisline', 'quantity': '76,25€/Kilo', 'id': '389bdd98-01d7-4094-a56a-7fd88e90a553', 'created_at': '2025-05-19T11:34:46.661359'}] count=None
[2025-05-19 14:34:44] ✅ Successfully inserted: SAZONADOR SABOR HISPANIA DANI 40 G
[2025-05-19 14:34:44] Attempting to insert product: {'name': 'ANÍS EN GRANO DANI 35 G', 'price': 1.39, 'category': 'Sal, salsas y especias', 'store_id': 'condisline', 'quantity': '39,71€/Kilo'}
[2025-05-19 14:34:45] Supabase Response: data=[{'name': 'ANÍS EN GRANO DANI 35 G', 'price': 1.39, 'category': 'Sal, salsas y especias', 'store_id': 'condisline', 'quantity': '39,71€/Kilo', 'id': 'b90a78c6-952c-4a4e-b686-b8af5e2b0999', 'created_at': '2025-05-19T11:34:46.880181'}] count=None
[2025-05-19 14:34:45] ✅ Successfully inserted: ANÍS EN GRANO DANI 35 G
[2025-05-19 14:34:45] Attempting to insert product: {'name': 'PREPARADO PARA REBOZADO DANI SIN GLUTEN 470 G', 'price': 4.95, 'category': 'Sal, salsas y especias', 'store_id': 'condisline', 'quantity': '10,53€/Kilo'}
[2025-05-19 14:34:46] Supabase Response: data=[{'name': 'PREPARADO PARA REBOZADO DANI SIN GLUTEN 470 G', 'price': 4.95, 'category': 'Sal, salsas y especias', 'store_id': 'condisline', 'quantity': '10,53€/Kilo', 'id': '38cbde66-2e17-468e-960f-63b23cdbfab6', 'created_at': '2025-05-19T11:34:47.203892'}] count=None
[2025-05-19 14:34:46] ✅ Successfully inserted: PREPARADO PARA REBOZADO DANI SIN GLUTEN 470 G
[2025-05-19 14:34:46] Attempting to insert product: {'name': 'SAL DE AJO DANI 100 G', 'price': 1.55, 'category': 'Sal, salsas y especias', 'store_id': 'condisline', 'quantity': '15,50€/Kilo'}
[2025-05-19 14:34:46] Supabase Response: data=[{'name': 'SAL DE AJO DANI 100 G', 'price': 1.55, 'category': 'Sal, salsas y especias', 'store_id': 'condisline', 'quantity': '15,50€/Kilo', 'id': '9108e5f7-5a2e-4491-b6f1-8e819dfe983b', 'created_at': '2025-05-19T11:34:48.504957'}] count=None
[2025-05-19 14:34:46] ✅ Successfully inserted: SAL DE AJO DANI 100 G
[2025-05-19 14:34:46] Attempting to insert product: {'name': 'SAZONADOR SABOR THAILANDIA DANI 45 G', 'price': 3.19, 'category': 'Sal, salsas y especias', 'store_id': 'condisline', 'quantity': '70,89€/Kilo'}
[2025-05-19 14:34:47] Supabase Response: data=[{'name': 'SAZONADOR SABOR THAILANDIA DANI 45 G', 'price': 3.19, 'category': 'Sal, salsas y especias', 'store_id': 'condisline', 'quantity': '70,89€/Kilo', 'id': 'dcf1fe33-9c05-4153-b6ae-510e1b09cc36', 'created_at': '2025-05-19T11:34:48.842256'}] count=None
[2025-05-19 14:34:47] ✅ Successfully inserted: SAZONADOR SABOR THAILANDIA DANI 45 G
[2025-05-19 14:34:47] Attempting to insert product: {'name': 'SALSA ZANUY CHEDDAR CHEESE 200 G', 'price': 1.99, 'category': 'Sal, salsas y especias', 'store_id': 'condisline', 'quantity': '9,95€/Kilo'}
[2025-05-19 14:34:47] Supabase Response: data=[{'name': 'SALSA ZANUY CHEDDAR CHEESE 200 G', 'price': 1.99, 'category': 'Sal, salsas y especias', 'store_id': 'condisline', 'quantity': '9,95€/Kilo', 'id': 'c8550fc8-2b0d-4991-91b0-29cd8454ea57', 'created_at': '2025-05-19T11:34:49.149614'}] count=None
[2025-05-19 14:34:47] ✅ Successfully inserted: SALSA ZANUY CHEDDAR CHEESE 200 G
[2025-05-19 14:34:47] Attempting to insert product: {'name': 'SALSA CUCINA ANT ALLA ZINGARA 190 G', 'price': 2.75, 'category': 'Sal, salsas y especias', 'store_id': 'condisline', 'quantity': '14,47€/Kilo'}
[2025-05-19 14:34:48] Supabase Response: data=[{'name': 'SALSA CUCINA ANT ALLA ZINGARA 190 G', 'price': 2.75, 'category': 'Sal, salsas y especias', 'store_id': 'condisline', 'quantity': '14,47€/Kilo', 'id': '4140119e-70ad-47c2-b119-895b56a61d84', 'created_at': '2025-05-19T11:34:49.455013'}] count=None
[2025-05-19 14:34:48] ✅ Successfully inserted: SALSA CUCINA ANT ALLA ZINGARA 190 G
[2025-05-19 14:34:48] Attempting to insert product: {'name': 'SPAGHETTINA CUCINA ANT AL BASILICO 230 G', 'price': 2.65, 'category': 'Sal, salsas y especias', 'store_id': 'condisline', 'quantity': '11,52€/Kilo'}
[2025-05-19 14:34:48] Supabase Response: data=[{'name': 'SPAGHETTINA CUCINA ANT AL BASILICO 230 G', 'price': 2.65, 'category': 'Sal, salsas y especias', 'store_id': 'condisline', 'quantity': '11,52€/Kilo', 'id': '860b2f28-dbe6-438d-a3bf-9a0324114f6e', 'created_at': '2025-05-19T11:34:50.284415'}] count=None
[2025-05-19 14:34:48] ✅ Successfully inserted: SPAGHETTINA CUCINA ANT AL BASILICO 230 G
[2025-05-19 14:34:48] Attempting to insert product: {'name': 'ALLIOLI CASA AMELL BIO VEGANO 180 G', 'price': 2.79, 'category': 'Sal, salsas y especias', 'store_id': 'condisline', 'quantity': '15,50€/Kilo'}
[2025-05-19 14:34:48] Supabase Response: data=[{'name': 'ALLIOLI CASA AMELL BIO VEGANO 180 G', 'price': 2.79, 'category': 'Sal, salsas y especias', 'store_id': 'condisline', 'quantity': '15,50€/Kilo', 'id': 'bcd2c2dd-4ab2-43af-b842-dffb2a45cb03', 'created_at': '2025-05-19T11:34:50.682064'}] count=None
[2025-05-19 14:34:48] ✅ Successfully inserted: ALLIOLI CASA AMELL BIO VEGANO 180 G
[2025-05-19 14:34:48] Attempting to insert product: {'name': 'PESTO CUCINA ANT ALLA GENOVESE 180 G', 'price': 3.89, 'category': 'Sal, salsas y especias', 'store_id': 'condisline', 'quantity': '21,61€/Kilo'}
[2025-05-19 14:34:49] Supabase Response: data=[{'name': 'PESTO CUCINA ANT ALLA GENOVESE 180 G', 'price': 3.89, 'category': 'Sal, salsas y especias', 'store_id': 'condisline', 'quantity': '21,61€/Kilo', 'id': '936c65bf-60c5-4ff5-a85c-6589f72b7fc4', 'created_at': '2025-05-19T11:34:50.897706'}] count=None
[2025-05-19 14:34:49] ✅ Successfully inserted: PESTO CUCINA ANT ALLA GENOVESE 180 G
[2025-05-19 14:34:49] Attempting to insert product: {'name': 'MAYOFABA CASA AMELL BIO VEGANA 180 G', 'price': 3.69, 'category': 'Sal, salsas y especias', 'store_id': 'condisline', 'quantity': '20,50€/Kilo'}
[2025-05-19 14:34:49] Supabase Response: data=[{'name': 'MAYOFABA CASA AMELL BIO VEGANA 180 G', 'price': 3.69, 'category': 'Sal, salsas y especias', 'store_id': 'condisline', 'quantity': '20,50€/Kilo', 'id': 'e12dc5ef-3c62-4878-bcba-34a4b62f3a00', 'created_at': '2025-05-19T11:34:51.119608'}] count=None
[2025-05-19 14:34:49] ✅ Successfully inserted: MAYOFABA CASA AMELL BIO VEGANA 180 G
[2025-05-19 14:34:49] Attempting to insert product: {'name': 'SALSA ALFONSO TORRES APERITIVO 90 ML', 'price': 1.99, 'category': 'Sal, salsas y especias', 'store_id': 'condisline', 'quantity': '22,11€/Kilo'}
[2025-05-19 14:34:50] Supabase Response: data=[{'name': 'SALSA ALFONSO TORRES APERITIVO 90 ML', 'price': 1.99, 'category': 'Sal, salsas y especias', 'store_id': 'condisline', 'quantity': '22,11€/Kilo', 'id': '78711086-a066-4591-871e-77decc74f6f4', 'created_at': '2025-05-19T11:34:51.404459'}] count=None
[2025-05-19 14:34:50] ✅ Successfully inserted: SALSA ALFONSO TORRES APERITIVO 90 ML
[2025-05-19 14:35:02] Attempting to insert product: {'name': 'ELICOIDALI GAROFALO  500 G', 'price': 1.79, 'category': 'Arroz, pasta y legumbres', 'store_id': 'condisline', 'quantity': '3,58€/Kilo'}
[2025-05-19 14:35:03] Supabase Response: data=[{'name': 'ELICOIDALI GAROFALO  500 G', 'price': 1.79, 'category': 'Arroz, pasta y legumbres', 'store_id': 'condisline', 'quantity': '3,58€/Kilo', 'id': 'b7fe4fa4-e8e8-4de4-8804-098afd15d1de', 'created_at': '2025-05-19T11:35:05.355979'}] count=None
[2025-05-19 14:35:03] ✅ Successfully inserted: ELICOIDALI GAROFALO  500 G
[2025-05-19 14:35:03] Attempting to insert product: {'name': 'FUSILLI GAROFALO  500 G', 'price': 1.79, 'category': 'Arroz, pasta y legumbres', 'store_id': 'condisline', 'quantity': '3,58€/Kilo'}
[2025-05-19 14:35:04] Supabase Response: data=[{'name': 'FUSILLI GAROFALO  500 G', 'price': 1.79, 'category': 'Arroz, pasta y legumbres', 'store_id': 'condisline', 'quantity': '3,58€/Kilo', 'id': '0cf240b6-827f-4f3d-8d53-703877469be6', 'created_at': '2025-05-19T11:35:05.897'}] count=None
[2025-05-19 14:35:04] ✅ Successfully inserted: FUSILLI GAROFALO  500 G
[2025-05-19 14:35:04] Attempting to insert product: {'name': 'LENTEJAS LUENGO PARDINA 500 G', 'price': 2.07, 'category': 'Arroz, pasta y legumbres', 'store_id': 'condisline', 'quantity': '4,14€/Kilo'}
[2025-05-19 14:35:04] Supabase Response: data=[{'name': 'LENTEJAS LUENGO PARDINA 500 G', 'price': 2.07, 'category': 'Arroz, pasta y legumbres', 'store_id': 'condisline', 'quantity': '4,14€/Kilo', 'id': 'a11d9a5b-7947-4a2e-bd17-d7c2936a03bc', 'created_at': '2025-05-19T11:35:06.14572'}] count=None
[2025-05-19 14:35:04] ✅ Successfully inserted: LENTEJAS LUENGO PARDINA 500 G
[2025-05-19 14:35:04] Attempting to insert product: {'name': 'RADIATORI GAROFALO  500 G', 'price': 1.79, 'category': 'Arroz, pasta y legumbres', 'store_id': 'condisline', 'quantity': '3,58€/Kilo'}
[2025-05-19 14:35:04] Supabase Response: data=[{'name': 'RADIATORI GAROFALO  500 G', 'price': 1.79, 'category': 'Arroz, pasta y legumbres', 'store_id': 'condisline', 'quantity': '3,58€/Kilo', 'id': 'b286bcc3-dea0-4f31-bdc0-552d241e42ee', 'created_at': '2025-05-19T11:35:06.45076'}] count=None
[2025-05-19 14:35:04] ✅ Successfully inserted: RADIATORI GAROFALO  500 G
[2025-05-19 14:35:04] Attempting to insert product: {'name': 'SPAGHETTI GAROFALO  500 G', 'price': 1.79, 'category': 'Arroz, pasta y legumbres', 'store_id': 'condisline', 'quantity': '3,58€/Kilo'}
[2025-05-19 14:35:04] Supabase Response: data=[{'name': 'SPAGHETTI GAROFALO  500 G', 'price': 1.79, 'category': 'Arroz, pasta y legumbres', 'store_id': 'condisline', 'quantity': '3,58€/Kilo', 'id': '3eeed5e0-5939-4468-a330-763549e8490a', 'created_at': '2025-05-19T11:35:06.754218'}] count=None
[2025-05-19 14:35:04] ✅ Successfully inserted: SPAGHETTI GAROFALO  500 G
[2025-05-19 14:35:04] Attempting to insert product: {'name': 'QUINOA SOS  250 G', 'price': 1.95, 'category': 'Arroz, pasta y legumbres', 'store_id': 'condisline', 'quantity': '7,80€/Kilo'}
[2025-05-19 14:35:05] Supabase Response: data=[{'name': 'QUINOA SOS  250 G', 'price': 1.95, 'category': 'Arroz, pasta y legumbres', 'store_id': 'condisline', 'quantity': '7,80€/Kilo', 'id': 'e151a8b1-5e9e-40a7-898c-b0b5db37ab5f', 'created_at': '2025-05-19T11:35:07.054949'}] count=None
[2025-05-19 14:35:05] ✅ Successfully inserted: QUINOA SOS  250 G
[2025-05-19 14:35:05] Attempting to insert product: {'name': 'TAGLIATELLE GAROFALO NIDO 500 G', 'price': 2.95, 'category': 'Arroz, pasta y legumbres', 'store_id': 'condisline', 'quantity': '5,90€/Kilo'}
[2025-05-19 14:35:05] Supabase Response: data=[{'name': 'TAGLIATELLE GAROFALO NIDO 500 G', 'price': 2.95, 'category': 'Arroz, pasta y legumbres', 'store_id': 'condisline', 'quantity': '5,90€/Kilo', 'id': 'a1e322fc-c7c8-48dd-91c2-50f0bb9e6582', 'created_at': '2025-05-19T11:35:07.370513'}] count=None
[2025-05-19 14:35:05] ✅ Successfully inserted: TAGLIATELLE GAROFALO NIDO 500 G
[2025-05-19 14:35:05] Attempting to insert product: {'name': 'ARROZ TILDA BASMATI 1 KG', 'price': 3.45, 'category': 'Arroz, pasta y legumbres', 'store_id': 'condisline', 'quantity': '3,45€/Kilo'}
[2025-05-19 14:35:06] Supabase Response: data=[{'name': 'ARROZ TILDA BASMATI 1 KG', 'price': 3.45, 'category': 'Arroz, pasta y legumbres', 'store_id': 'condisline', 'quantity': '3,45€/Kilo', 'id': 'fca43fd6-5e88-4a5e-a2ee-82a3cab4b344', 'created_at': '2025-05-19T11:35:07.985178'}] count=None
[2025-05-19 14:35:06] ✅ Successfully inserted: ARROZ TILDA BASMATI 1 KG
[2025-05-19 14:35:06] Attempting to insert product: {'name': 'ARROZ SCOTTI ARBORIO PARA RISOTTO 500 G', 'price': 1.97, 'category': 'Arroz, pasta y legumbres', 'store_id': 'condisline', 'quantity': '3,94€/Kilo'}
[2025-05-19 14:35:06] Supabase Response: data=[{'name': 'ARROZ SCOTTI ARBORIO PARA RISOTTO 500 G', 'price': 1.97, 'category': 'Arroz, pasta y legumbres', 'store_id': 'condisline', 'quantity': '3,94€/Kilo', 'id': '54b835ff-b6ac-4960-9b49-e407440b0e77', 'created_at': '2025-05-19T11:35:08.199117'}] count=None
[2025-05-19 14:35:06] ✅ Successfully inserted: ARROZ SCOTTI ARBORIO PARA RISOTTO 500 G
[2025-05-19 14:35:06] Attempting to insert product: {'name': 'FUSILLI LA MOLISAN INTEGRAL 500 G', 'price': 1.99, 'category': 'Arroz, pasta y legumbres', 'store_id': 'condisline', 'quantity': '3,98€/Kilo'}
[2025-05-19 14:35:06] Supabase Response: data=[{'name': 'FUSILLI LA MOLISAN INTEGRAL 500 G', 'price': 1.99, 'category': 'Arroz, pasta y legumbres', 'store_id': 'condisline', 'quantity': '3,98€/Kilo', 'id': '7646df0f-3cd9-4ee1-a374-ea8331b23b20', 'created_at': '2025-05-19T11:35:08.41456'}] count=None
[2025-05-19 14:35:06] ✅ Successfully inserted: FUSILLI LA MOLISAN INTEGRAL 500 G
[2025-05-19 14:35:06] Attempting to insert product: {'name': 'CHÍA SOS VIDASANA 200 G', 'price': 1.95, 'category': 'Arroz, pasta y legumbres', 'store_id': 'condisline', 'quantity': '9,75€/Kilo'}
[2025-05-19 14:35:06] Supabase Response: data=[{'name': 'CHÍA SOS VIDASANA 200 G', 'price': 1.95, 'category': 'Arroz, pasta y legumbres', 'store_id': 'condisline', 'quantity': '9,75€/Kilo', 'id': '2188b83f-cc78-4bb0-8217-56dea2f25cf5', 'created_at': '2025-05-19T11:35:08.704871'}] count=None
[2025-05-19 14:35:06] ✅ Successfully inserted: CHÍA SOS VIDASANA 200 G
[2025-05-19 14:35:06] Attempting to insert product: {'name': 'SPAGUETTI XL GALLO AL BRONCE 450 G', 'price': 1.39, 'category': 'Arroz, pasta y legumbres', 'store_id': 'condisline', 'quantity': '3,09€/Kilo'}
[2025-05-19 14:35:07] Supabase Response: data=[{'name': 'SPAGUETTI XL GALLO AL BRONCE 450 G', 'price': 1.39, 'category': 'Arroz, pasta y legumbres', 'store_id': 'condisline', 'quantity': '3,09€/Kilo', 'id': '995da383-b821-4041-b6bb-f2e58805e4ba', 'created_at': '2025-05-19T11:35:08.91517'}] count=None
[2025-05-19 14:35:07] ✅ Successfully inserted: SPAGUETTI XL GALLO AL BRONCE 450 G
[2025-05-19 14:35:07] Attempting to insert product: {'name': 'PLUMAS XL GALLO AL BRONCE 450 G', 'price': 1.39, 'category': 'Arroz, pasta y legumbres', 'store_id': 'condisline', 'quantity': '3,09€/Kilo'}
[2025-05-19 14:35:07] Supabase Response: data=[{'name': 'PLUMAS XL GALLO AL BRONCE 450 G', 'price': 1.39, 'category': 'Arroz, pasta y legumbres', 'store_id': 'condisline', 'quantity': '3,09€/Kilo', 'id': '0036af3a-d71e-41ad-b079-31259a8c770a', 'created_at': '2025-05-19T11:35:09.144961'}] count=None
[2025-05-19 14:35:07] ✅ Successfully inserted: PLUMAS XL GALLO AL BRONCE 450 G
[2025-05-19 14:35:07] Attempting to insert product: {'name': 'HÉLICES XL GALLO AL BRONCE 450 G', 'price': 1.39, 'category': 'Arroz, pasta y legumbres', 'store_id': 'condisline', 'quantity': '3,09€/Kilo'}
[2025-05-19 14:35:07] Supabase Response: data=[{'name': 'HÉLICES XL GALLO AL BRONCE 450 G', 'price': 1.39, 'category': 'Arroz, pasta y legumbres', 'store_id': 'condisline', 'quantity': '3,09€/Kilo', 'id': 'd23a412c-45ef-41f1-af61-4f980d38dc34', 'created_at': '2025-05-19T11:35:09.389546'}] count=None
[2025-05-19 14:35:07] ✅ Successfully inserted: HÉLICES XL GALLO AL BRONCE 450 G
[2025-05-19 14:35:07] Attempting to insert product: {'name': 'PASTA GALLO ESPAGUETI N.3 900 G', 'price': 1.99, 'category': 'Arroz, pasta y legumbres', 'store_id': 'condisline', 'quantity': '2,21€/Kilo'}
[2025-05-19 14:35:07] Supabase Response: data=[{'name': 'PASTA GALLO ESPAGUETI N.3 900 G', 'price': 1.99, 'category': 'Arroz, pasta y legumbres', 'store_id': 'condisline', 'quantity': '2,21€/Kilo', 'id': 'a9e3a627-e6ab-4b34-b7a8-86826b151f51', 'created_at': '2025-05-19T11:35:09.745433'}] count=None
[2025-05-19 14:35:07] ✅ Successfully inserted: PASTA GALLO ESPAGUETI N.3 900 G
[2025-05-19 14:35:07] Attempting to insert product: {'name': 'ARROZ NOMEN  500 G', 'price': 1.05, 'category': 'Arroz, pasta y legumbres', 'store_id': 'condisline', 'quantity': '2,10€/Kilo'}
[2025-05-19 14:35:08] Supabase Response: data=[{'name': 'ARROZ NOMEN  500 G', 'price': 1.05, 'category': 'Arroz, pasta y legumbres', 'store_id': 'condisline', 'quantity': '2,10€/Kilo', 'id': '2d9e3667-5706-47f1-b7df-5db3bff5bd43', 'created_at': '2025-05-19T11:35:10.036246'}] count=None
[2025-05-19 14:35:08] ✅ Successfully inserted: ARROZ NOMEN  500 G
[2025-05-19 14:35:08] Attempting to insert product: {'name': 'PASTA GALLO PLUMAS N.6 900 G', 'price': 1.99, 'category': 'Arroz, pasta y legumbres', 'store_id': 'condisline', 'quantity': '2,21€/Kilo'}
[2025-05-19 14:35:08] Supabase Response: data=[{'name': 'PASTA GALLO PLUMAS N.6 900 G', 'price': 1.99, 'category': 'Arroz, pasta y legumbres', 'store_id': 'condisline', 'quantity': '2,21€/Kilo', 'id': '118d0bd5-51e8-436e-bf3b-3d15498a5fb1', 'created_at': '2025-05-19T11:35:10.267704'}] count=None
[2025-05-19 14:35:08] ✅ Successfully inserted: PASTA GALLO PLUMAS N.6 900 G
[2025-05-19 14:35:08] Attempting to insert product: {'name': 'GARBANZOS LUENGO SELECTO 500 G', 'price': 1.89, 'category': 'Arroz, pasta y legumbres', 'store_id': 'condisline', 'quantity': '3,78€/Kilo'}
[2025-05-19 14:35:09] Supabase Response: data=[{'name': 'GARBANZOS LUENGO SELECTO 500 G', 'price': 1.89, 'category': 'Arroz, pasta y legumbres', 'store_id': 'condisline', 'quantity': '3,78€/Kilo', 'id': 'c30c6a79-aeed-437b-ad98-2a5cb2312eed', 'created_at': '2025-05-19T11:35:10.673696'}] count=None
[2025-05-19 14:35:09] ✅ Successfully inserted: GARBANZOS LUENGO SELECTO 500 G
[2025-05-19 14:35:09] Attempting to insert product: {'name': 'TRIGO NOMEN TIERNO 500 G', 'price': 2.5, 'category': 'Arroz, pasta y legumbres', 'store_id': 'condisline', 'quantity': '5,00€/Kilo'}
[2025-05-19 14:35:09] Supabase Response: data=[{'name': 'TRIGO NOMEN TIERNO 500 G', 'price': 2.5, 'category': 'Arroz, pasta y legumbres', 'store_id': 'condisline', 'quantity': '5,00€/Kilo', 'id': '4b349fa9-f373-4b6b-af0b-9ff11adbb08d', 'created_at': '2025-05-19T11:35:11.271034'}] count=None
[2025-05-19 14:35:09] ✅ Successfully inserted: TRIGO NOMEN TIERNO 500 G
[2025-05-19 14:35:09] Attempting to insert product: {'name': 'MACARRONES CONDIS ECO 500 G', 'price': 1.99, 'category': 'Arroz, pasta y legumbres', 'store_id': 'condisline', 'quantity': '3,98€/Kilo'}
[2025-05-19 14:35:09] Supabase Response: data=[{'name': 'MACARRONES CONDIS ECO 500 G', 'price': 1.99, 'category': 'Arroz, pasta y legumbres', 'store_id': 'condisline', 'quantity': '3,98€/Kilo', 'id': 'f014fb4b-8ad7-4e03-87df-8448f8212093', 'created_at': '2025-05-19T11:35:11.647656'}] count=None
[2025-05-19 14:35:09] ✅ Successfully inserted: MACARRONES CONDIS ECO 500 G
[2025-05-19 14:35:09] Attempting to insert product: {'name': 'ARROZ NOMEN EXTRA 1 KG', 'price': 1.89, 'category': 'Arroz, pasta y legumbres', 'store_id': 'condisline', 'quantity': '1,89€/Kilo'}
[2025-05-19 14:35:10] Supabase Response: data=[{'name': 'ARROZ NOMEN EXTRA 1 KG', 'price': 1.89, 'category': 'Arroz, pasta y legumbres', 'store_id': 'condisline', 'quantity': '1,89€/Kilo', 'id': '1bf692db-7222-4805-82b4-6f9be4cd7f23', 'created_at': '2025-05-19T11:35:11.966427'}] count=None
[2025-05-19 14:35:10] ✅ Successfully inserted: ARROZ NOMEN EXTRA 1 KG
[2025-05-19 14:35:10] Attempting to insert product: {'name': 'ARROZ BRILLANTE BASMATI 2 X 125 G', 'price': 1.34, 'category': 'Arroz, pasta y legumbres', 'store_id': 'condisline', 'quantity': '5,36€/Kilo'}
[2025-05-19 14:35:10] Supabase Response: data=[{'name': 'ARROZ BRILLANTE BASMATI 2 X 125 G', 'price': 1.34, 'category': 'Arroz, pasta y legumbres', 'store_id': 'condisline', 'quantity': '5,36€/Kilo', 'id': '1bd3c348-ce72-4c21-aaee-33d65cbea673', 'created_at': '2025-05-19T11:35:12.256121'}] count=None
[2025-05-19 14:35:10] ✅ Successfully inserted: ARROZ BRILLANTE BASMATI 2 X 125 G
[2025-05-19 14:35:10] Attempting to insert product: {'name': 'PASTA CONDIS MACARRONES 500 G', 'price': 0.79, 'category': 'Arroz, pasta y legumbres', 'store_id': 'condisline', 'quantity': '1,58€/Kilo'}
[2025-05-19 14:35:10] Supabase Response: data=[{'name': 'PASTA CONDIS MACARRONES 500 G', 'price': 0.79, 'category': 'Arroz, pasta y legumbres', 'store_id': 'condisline', 'quantity': '1,58€/Kilo', 'id': '631b0326-c786-4cdc-b909-25e8a7da858d', 'created_at': '2025-05-19T11:35:12.493681'}] count=None
[2025-05-19 14:35:10] ✅ Successfully inserted: PASTA CONDIS MACARRONES 500 G
[2025-05-19 14:35:10] Attempting to insert product: {'name': 'ARROZ REDONDO TRADICIONAL BRILLANTE 2 X 125 G', 'price': 1.25, 'category': 'Arroz, pasta y legumbres', 'store_id': 'condisline', 'quantity': '5,00€/Kilo'}
[2025-05-19 14:35:10] Supabase Response: data=[{'name': 'ARROZ REDONDO TRADICIONAL BRILLANTE 2 X 125 G', 'price': 1.25, 'category': 'Arroz, pasta y legumbres', 'store_id': 'condisline', 'quantity': '5,00€/Kilo', 'id': '35d59bb8-edcf-4823-a468-60e8b1e3aa6a', 'created_at': '2025-05-19T11:35:12.726262'}] count=None
[2025-05-19 14:35:10] ✅ Successfully inserted: ARROZ REDONDO TRADICIONAL BRILLANTE 2 X 125 G
[2025-05-19 14:35:10] Attempting to insert product: {'name': 'ARROZ CONDIS EXTRA 1 KG', 'price': 1.33, 'category': 'Arroz, pasta y legumbres', 'store_id': 'condisline', 'quantity': '1,33€/Kilo'}
[2025-05-19 14:35:11] Supabase Response: data=[{'name': 'ARROZ CONDIS EXTRA 1 KG', 'price': 1.33, 'category': 'Arroz, pasta y legumbres', 'store_id': 'condisline', 'quantity': '1,33€/Kilo', 'id': '656b75b7-4919-40b3-bcb4-1617946b8066', 'created_at': '2025-05-19T11:35:13.001993'}] count=None
[2025-05-19 14:35:11] ✅ Successfully inserted: ARROZ CONDIS EXTRA 1 KG
[2025-05-19 14:35:11] Attempting to insert product: {'name': 'ARROZ REDONDO TRADICIONAL BRILLANTE FORMATO XL 2 X 200 G', 'price': 2.39, 'category': 'Arroz, pasta y legumbres', 'store_id': 'condisline', 'quantity': '5,98€/Kilo'}
[2025-05-19 14:35:11] Supabase Response: data=[{'name': 'ARROZ REDONDO TRADICIONAL BRILLANTE FORMATO XL 2 X 200 G', 'price': 2.39, 'category': 'Arroz, pasta y legumbres', 'store_id': 'condisline', 'quantity': '5,98€/Kilo', 'id': 'a15cd3b0-b948-461c-94ed-051925e49249', 'created_at': '2025-05-19T11:35:13.313969'}] count=None
[2025-05-19 14:35:11] ✅ Successfully inserted: ARROZ REDONDO TRADICIONAL BRILLANTE FORMATO XL 2 X 200 G
[2025-05-19 14:35:11] Attempting to insert product: {'name': 'PASTA CONDIS VEGETAL ESPIRALES 500 G', 'price': 0.99, 'category': 'Arroz, pasta y legumbres', 'store_id': 'condisline', 'quantity': '1,98€/Kilo'}
[2025-05-19 14:35:11] Supabase Response: data=[{'name': 'PASTA CONDIS VEGETAL ESPIRALES 500 G', 'price': 0.99, 'category': 'Arroz, pasta y legumbres', 'store_id': 'condisline', 'quantity': '1,98€/Kilo', 'id': '3067b4b5-61d5-4206-81c9-68b10e641b28', 'created_at': '2025-05-19T11:35:13.524255'}] count=None
[2025-05-19 14:35:11] ✅ Successfully inserted: PASTA CONDIS VEGETAL ESPIRALES 500 G
[2025-05-19 14:35:11] Attempting to insert product: {'name': 'PASTA CONDIS SPAGUETI 500 G', 'price': 0.79, 'category': 'Arroz, pasta y legumbres', 'store_id': 'condisline', 'quantity': '1,58€/Kilo'}
[2025-05-19 14:35:12] Supabase Response: data=[{'name': 'PASTA CONDIS SPAGUETI 500 G', 'price': 0.79, 'category': 'Arroz, pasta y legumbres', 'store_id': 'condisline', 'quantity': '1,58€/Kilo', 'id': '4336e1b7-6fd9-4b78-9b07-7185d2bdeda0', 'created_at': '2025-05-19T11:35:13.737551'}] count=None
[2025-05-19 14:35:12] ✅ Successfully inserted: PASTA CONDIS SPAGUETI 500 G
[2025-05-19 14:35:12] Attempting to insert product: {'name': 'PASTA BARILLA PENNE RIGATE 500 G', 'price': 1.69, 'category': 'Arroz, pasta y legumbres', 'store_id': 'condisline', 'quantity': '3,38€/Kilo'}
[2025-05-19 14:35:12] Supabase Response: data=[{'name': 'PASTA BARILLA PENNE RIGATE 500 G', 'price': 1.69, 'category': 'Arroz, pasta y legumbres', 'store_id': 'condisline', 'quantity': '3,38€/Kilo', 'id': 'db49fbe5-b725-473f-ad18-a8102610cd53', 'created_at': '2025-05-19T11:35:14.445053'}] count=None
[2025-05-19 14:35:12] ✅ Successfully inserted: PASTA BARILLA PENNE RIGATE 500 G
[2025-05-19 14:35:12] Attempting to insert product: {'name': 'ARROZ INTEGRAL BRILLANTE VASITOS 2 UNIDADES', 'price': 1.25, 'category': 'Arroz, pasta y legumbres', 'store_id': 'condisline', 'quantity': '5,00€/Kilo'}
[2025-05-19 14:35:12] Supabase Response: data=[{'name': 'ARROZ INTEGRAL BRILLANTE VASITOS 2 UNIDADES', 'price': 1.25, 'category': 'Arroz, pasta y legumbres', 'store_id': 'condisline', 'quantity': '5,00€/Kilo', 'id': 'a2557cb6-b2bf-4867-9c61-6134a01099fa', 'created_at': '2025-05-19T11:35:14.654566'}] count=None
[2025-05-19 14:35:12] ✅ Successfully inserted: ARROZ INTEGRAL BRILLANTE VASITOS 2 UNIDADES
[2025-05-19 14:35:12] Attempting to insert product: {'name': 'ARROZ INTEGRAL BRILLANTE CON QUINOA 2 UNIDADES', 'price': 1.49, 'category': 'Arroz, pasta y legumbres', 'store_id': 'condisline', 'quantity': '5,96€/Kilo'}
[2025-05-19 14:35:13] Supabase Response: data=[{'name': 'ARROZ INTEGRAL BRILLANTE CON QUINOA 2 UNIDADES', 'price': 1.49, 'category': 'Arroz, pasta y legumbres', 'store_id': 'condisline', 'quantity': '5,96€/Kilo', 'id': '5e828eb1-4b05-484a-8fc4-8d2b35a771de', 'created_at': '2025-05-19T11:35:14.947206'}] count=None
[2025-05-19 14:35:13] ✅ Successfully inserted: ARROZ INTEGRAL BRILLANTE CON QUINOA 2 UNIDADES
[2025-05-19 14:35:13] Attempting to insert product: {'name': 'ARROZ MONTSIÀ EXTRA 1 KG', 'price': 1.93, 'category': 'Arroz, pasta y legumbres', 'store_id': 'condisline', 'quantity': '1,93€/Kilo'}
[2025-05-19 14:35:13] Supabase Response: data=[{'name': 'ARROZ MONTSIÀ EXTRA 1 KG', 'price': 1.93, 'category': 'Arroz, pasta y legumbres', 'store_id': 'condisline', 'quantity': '1,93€/Kilo', 'id': 'ba43a882-c7bf-40a0-8074-5fe758746a7b', 'created_at': '2025-05-19T11:35:15.174675'}] count=None
[2025-05-19 14:35:13] ✅ Successfully inserted: ARROZ MONTSIÀ EXTRA 1 KG
[2025-05-19 14:35:13] Attempting to insert product: {'name': 'PASTA BARILLA SPAGHETTI N.5 500 G', 'price': 1.69, 'category': 'Arroz, pasta y legumbres', 'store_id': 'condisline', 'quantity': '3,38€/Kilo'}
[2025-05-19 14:35:13] Supabase Response: data=[{'name': 'PASTA BARILLA SPAGHETTI N.5 500 G', 'price': 1.69, 'category': 'Arroz, pasta y legumbres', 'store_id': 'condisline', 'quantity': '3,38€/Kilo', 'id': 'f9b6cb36-c12b-4afe-8585-45ffb07aa12a', 'created_at': '2025-05-19T11:35:15.459954'}] count=None
[2025-05-19 14:35:13] ✅ Successfully inserted: PASTA BARILLA SPAGHETTI N.5 500 G
[2025-05-19 14:35:13] Attempting to insert product: {'name': 'PASTA GALLO TALLARINAS 450 G', 'price': 1.39, 'category': 'Arroz, pasta y legumbres', 'store_id': 'condisline', 'quantity': '3,09€/Kilo'}
[2025-05-19 14:35:14] Supabase Response: data=[{'name': 'PASTA GALLO TALLARINAS 450 G', 'price': 1.39, 'category': 'Arroz, pasta y legumbres', 'store_id': 'condisline', 'quantity': '3,09€/Kilo', 'id': '4b7ac856-736c-45e4-9426-f29a6c38f079', 'created_at': '2025-05-19T11:35:15.870467'}] count=None
[2025-05-19 14:35:14] ✅ Successfully inserted: PASTA GALLO TALLARINAS 450 G
[2025-05-19 14:35:14] Attempting to insert product: {'name': 'PASTA GALLO HÉLICES VEGETALES 450 G', 'price': 1.79, 'category': 'Arroz, pasta y legumbres', 'store_id': 'condisline', 'quantity': '3,98€/Kilo'}
[2025-05-19 14:35:14] Supabase Response: data=[{'name': 'PASTA GALLO HÉLICES VEGETALES 450 G', 'price': 1.79, 'category': 'Arroz, pasta y legumbres', 'store_id': 'condisline', 'quantity': '3,98€/Kilo', 'id': '1d2227e0-99e3-45ff-a192-673defdb113d', 'created_at': '2025-05-19T11:35:16.180197'}] count=None
[2025-05-19 14:35:14] ✅ Successfully inserted: PASTA GALLO HÉLICES VEGETALES 450 G
[2025-05-19 14:35:14] Attempting to insert product: {'name': 'ARROZ NOMEN BASMATI 500 G', 'price': 1.88, 'category': 'Arroz, pasta y legumbres', 'store_id': 'condisline', 'quantity': '3,76€/Kilo'}
[2025-05-19 14:35:14] Supabase Response: data=[{'name': 'ARROZ NOMEN BASMATI 500 G', 'price': 1.88, 'category': 'Arroz, pasta y legumbres', 'store_id': 'condisline', 'quantity': '3,76€/Kilo', 'id': 'dac8eb2f-288e-4910-8c2d-8f39fb2b919f', 'created_at': '2025-05-19T11:35:16.40053'}] count=None
[2025-05-19 14:35:14] ✅ Successfully inserted: ARROZ NOMEN BASMATI 500 G
[2025-05-19 14:35:14] Attempting to insert product: {'name': 'PASTA GALLO PISTÓN 250 G', 'price': 0.89, 'category': 'Arroz, pasta y legumbres', 'store_id': 'condisline', 'quantity': '3,56€/Kilo'}
[2025-05-19 14:35:14] Supabase Response: data=[{'name': 'PASTA GALLO PISTÓN 250 G', 'price': 0.89, 'category': 'Arroz, pasta y legumbres', 'store_id': 'condisline', 'quantity': '3,56€/Kilo', 'id': '261e38df-5d30-4bf3-92dd-453558932ac2', 'created_at': '2025-05-19T11:35:16.611685'}] count=None
[2025-05-19 14:35:14] ✅ Successfully inserted: PASTA GALLO PISTÓN 250 G
[2025-05-19 14:35:14] Attempting to insert product: {'name': 'QUINOA BLANCA Y ROJA BRILLANTE 250 G', 'price': 1.56, 'category': 'Arroz, pasta y legumbres', 'store_id': 'condisline', 'quantity': '6,24€/Kilo'}
[2025-05-19 14:35:15] Supabase Response: data=[{'name': 'QUINOA BLANCA Y ROJA BRILLANTE 250 G', 'price': 1.56, 'category': 'Arroz, pasta y legumbres', 'store_id': 'condisline', 'quantity': '6,24€/Kilo', 'id': '3931d8df-0250-4525-9f1c-28932b83e48c', 'created_at': '2025-05-19T11:35:16.818219'}] count=None
[2025-05-19 14:35:15] ✅ Successfully inserted: QUINOA BLANCA Y ROJA BRILLANTE 250 G
[2025-05-19 14:35:15] Attempting to insert product: {'name': 'PASTA GALLO PLUMA RALLADA 450 G', 'price': 1.39, 'category': 'Arroz, pasta y legumbres', 'store_id': 'condisline', 'quantity': '3,09€/Kilo'}
[2025-05-19 14:35:15] Supabase Response: data=[{'name': 'PASTA GALLO PLUMA RALLADA 450 G', 'price': 1.39, 'category': 'Arroz, pasta y legumbres', 'store_id': 'condisline', 'quantity': '3,09€/Kilo', 'id': '63ff29b7-f775-4b87-a033-de4e8e0f41e7', 'created_at': '2025-05-19T11:35:17.201118'}] count=None
[2025-05-19 14:35:15] ✅ Successfully inserted: PASTA GALLO PLUMA RALLADA 450 G
[2025-05-19 14:35:15] Attempting to insert product: {'name': 'PASTA GALLO PLUMAS 3 450 G', 'price': 1.39, 'category': 'Arroz, pasta y legumbres', 'store_id': 'condisline', 'quantity': '3,09€/Kilo'}
[2025-05-19 14:35:15] Supabase Response: data=[{'name': 'PASTA GALLO PLUMAS 3 450 G', 'price': 1.39, 'category': 'Arroz, pasta y legumbres', 'store_id': 'condisline', 'quantity': '3,09€/Kilo', 'id': 'f8dbfa69-e67a-44ac-8e26-cfd1fe1fe772', 'created_at': '2025-05-19T11:35:17.424685'}] count=None
[2025-05-19 14:35:15] ✅ Successfully inserted: PASTA GALLO PLUMAS 3 450 G
[2025-05-19 14:35:15] Attempting to insert product: {'name': 'PASTA GALLO PLUMA N6 1€ 400 G', 'price': 1.0, 'category': 'Arroz, pasta y legumbres', 'store_id': 'condisline', 'quantity': '2,50€/Kilo'}
[2025-05-19 14:35:15] Supabase Response: data=[{'name': 'PASTA GALLO PLUMA N6 1€ 400 G', 'price': 1.0, 'category': 'Arroz, pasta y legumbres', 'store_id': 'condisline', 'quantity': '2,50€/Kilo', 'id': 'ec8a066f-aec9-4384-8127-5b0dbcb89478', 'created_at': '2025-05-19T11:35:17.752057'}] count=None
[2025-05-19 14:35:15] ✅ Successfully inserted: PASTA GALLO PLUMA N6 1€ 400 G
[2025-05-19 14:35:15] Attempting to insert product: {'name': 'PASTA CONDIS TALLARINES 500 G', 'price': 0.79, 'category': 'Arroz, pasta y legumbres', 'store_id': 'condisline', 'quantity': '1,58€/Kilo'}
[2025-05-19 14:35:16] Supabase Response: data=[{'name': 'PASTA CONDIS TALLARINES 500 G', 'price': 0.79, 'category': 'Arroz, pasta y legumbres', 'store_id': 'condisline', 'quantity': '1,58€/Kilo', 'id': 'c8787e37-83af-49e1-9b93-b9d910de4b36', 'created_at': '2025-05-19T11:35:18.015834'}] count=None
[2025-05-19 14:35:16] ✅ Successfully inserted: PASTA CONDIS TALLARINES 500 G
[2025-05-19 14:35:16] Attempting to insert product: {'name': 'ESPAGUETI GALLO PASTA FINA 400 G', 'price': 1.39, 'category': 'Arroz, pasta y legumbres', 'store_id': 'condisline', 'quantity': '3,48€/Kilo'}
[2025-05-19 14:35:16] Supabase Response: data=[{'name': 'ESPAGUETI GALLO PASTA FINA 400 G', 'price': 1.39, 'category': 'Arroz, pasta y legumbres', 'store_id': 'condisline', 'quantity': '3,48€/Kilo', 'id': 'a8937823-81d2-4097-a094-b40773249cac', 'created_at': '2025-05-19T11:35:18.237155'}] count=None
[2025-05-19 14:35:16] ✅ Successfully inserted: ESPAGUETI GALLO PASTA FINA 400 G
[2025-05-19 14:35:16] Attempting to insert product: {'name': 'PASTA GALLO MARGARITAS VEGETALES 450 G', 'price': 1.79, 'category': 'Arroz, pasta y legumbres', 'store_id': 'condisline', 'quantity': '3,98€/Kilo'}
[2025-05-19 14:35:16] Supabase Response: data=[{'name': 'PASTA GALLO MARGARITAS VEGETALES 450 G', 'price': 1.79, 'category': 'Arroz, pasta y legumbres', 'store_id': 'condisline', 'quantity': '3,98€/Kilo', 'id': 'ea876f99-1c5e-4a26-8f83-162cde2b9a55', 'created_at': '2025-05-19T11:35:18.641912'}] count=None
[2025-05-19 14:35:16] ✅ Successfully inserted: PASTA GALLO MARGARITAS VEGETALES 450 G
[2025-05-19 14:35:16] Attempting to insert product: {'name': 'PLUMAS GALLO PASTA FINA 400 G', 'price': 1.39, 'category': 'Arroz, pasta y legumbres', 'store_id': 'condisline', 'quantity': '3,48€/Kilo'}
[2025-05-19 14:35:18] Supabase Response: data=[{'name': 'PLUMAS GALLO PASTA FINA 400 G', 'price': 1.39, 'category': 'Arroz, pasta y legumbres', 'store_id': 'condisline', 'quantity': '3,48€/Kilo', 'id': '19f68413-750d-4f5f-b932-c6fe260cf803', 'created_at': '2025-05-19T11:35:18.941665'}] count=None
[2025-05-19 14:35:18] ✅ Successfully inserted: PLUMAS GALLO PASTA FINA 400 G
[2025-05-19 14:35:18] Attempting to insert product: {'name': 'PASTA GALLO MARAVILLA 250 G', 'price': 0.89, 'category': 'Arroz, pasta y legumbres', 'store_id': 'condisline', 'quantity': '3,56€/Kilo'}
[2025-05-19 14:35:18] Supabase Response: data=[{'name': 'PASTA GALLO MARAVILLA 250 G', 'price': 0.89, 'category': 'Arroz, pasta y legumbres', 'store_id': 'condisline', 'quantity': '3,56€/Kilo', 'id': '42de69de-7872-4d4c-a636-d3138293eb71', 'created_at': '2025-05-19T11:35:20.301261'}] count=None
[2025-05-19 14:35:18] ✅ Successfully inserted: PASTA GALLO MARAVILLA 250 G
[2025-05-19 14:35:18] Attempting to insert product: {'name': 'PASTA GALLO FIDEOS N.0  1€ 400 G', 'price': 1.0, 'category': 'Arroz, pasta y legumbres', 'store_id': 'condisline', 'quantity': '2,50€/Kilo'}
[2025-05-19 14:35:18] Supabase Response: data=[{'name': 'PASTA GALLO FIDEOS N.0  1€ 400 G', 'price': 1.0, 'category': 'Arroz, pasta y legumbres', 'store_id': 'condisline', 'quantity': '2,50€/Kilo', 'id': 'd176acf2-bae8-47ec-9695-6797e6c943a5', 'created_at': '2025-05-19T11:35:20.580069'}] count=None
[2025-05-19 14:35:18] ✅ Successfully inserted: PASTA GALLO FIDEOS N.0  1€ 400 G
[2025-05-19 14:35:18] Attempting to insert product: {'name': 'HÉLICES GALLO PASTA FINA VEGETALES 400 G', 'price': 1.89, 'category': 'Arroz, pasta y legumbres', 'store_id': 'condisline', 'quantity': '4,73€/Kilo'}
[2025-05-19 14:35:19] Supabase Response: data=[{'name': 'HÉLICES GALLO PASTA FINA VEGETALES 400 G', 'price': 1.89, 'category': 'Arroz, pasta y legumbres', 'store_id': 'condisline', 'quantity': '4,73€/Kilo', 'id': '4d7333a7-3e91-4edc-9fd2-d0a2724bc51f', 'created_at': '2025-05-19T11:35:20.894467'}] count=None
[2025-05-19 14:35:19] ✅ Successfully inserted: HÉLICES GALLO PASTA FINA VEGETALES 400 G
[2025-05-19 14:35:19] Attempting to insert product: {'name': 'ARROZ NOMEN BOMBA SELECCIÓN 1 KG', 'price': 5.95, 'category': 'Arroz, pasta y legumbres', 'store_id': 'condisline', 'quantity': '5,95€/Kilo'}
[2025-05-19 14:35:19] Supabase Response: data=[{'name': 'ARROZ NOMEN BOMBA SELECCIÓN 1 KG', 'price': 5.95, 'category': 'Arroz, pasta y legumbres', 'store_id': 'condisline', 'quantity': '5,95€/Kilo', 'id': 'b8d86ab5-6c24-43a3-863a-44c0ee456fc2', 'created_at': '2025-05-19T11:35:21.216982'}] count=None
[2025-05-19 14:35:19] ✅ Successfully inserted: ARROZ NOMEN BOMBA SELECCIÓN 1 KG
[2025-05-19 14:35:19] Attempting to insert product: {'name': 'PASTA GALLO FIDEOS N.2 450 G', 'price': 1.39, 'category': 'Arroz, pasta y legumbres', 'store_id': 'condisline', 'quantity': '3,09€/Kilo'}
[2025-05-19 14:35:19] Supabase Response: data=[{'name': 'PASTA GALLO FIDEOS N.2 450 G', 'price': 1.39, 'category': 'Arroz, pasta y legumbres', 'store_id': 'condisline', 'quantity': '3,09€/Kilo', 'id': '28084577-ce80-41b8-beff-4ae7bbf75a2c', 'created_at': '2025-05-19T11:35:21.614009'}] count=None
[2025-05-19 14:35:19] ✅ Successfully inserted: PASTA GALLO FIDEOS N.2 450 G
[2025-05-19 14:35:19] Attempting to insert product: {'name': 'PASTA GALLO TIBURÓN N.0 450 G', 'price': 1.39, 'category': 'Arroz, pasta y legumbres', 'store_id': 'condisline', 'quantity': '3,09€/Kilo'}
[2025-05-19 14:35:20] Supabase Response: data=[{'name': 'PASTA GALLO TIBURÓN N.0 450 G', 'price': 1.39, 'category': 'Arroz, pasta y legumbres', 'store_id': 'condisline', 'quantity': '3,09€/Kilo', 'id': 'f21356cd-21f1-4ee4-a37f-73582f5ee886', 'created_at': '2025-05-19T11:35:21.885077'}] count=None
[2025-05-19 14:35:20] ✅ Successfully inserted: PASTA GALLO TIBURÓN N.0 450 G
[2025-05-19 14:35:20] Attempting to insert product: {'name': 'PASTA GALLO PLUMAS INTEGRAL 450 G', 'price': 1.89, 'category': 'Arroz, pasta y legumbres', 'store_id': 'condisline', 'quantity': '4,20€/Kilo'}
[2025-05-19 14:35:20] Supabase Response: data=[{'name': 'PASTA GALLO PLUMAS INTEGRAL 450 G', 'price': 1.89, 'category': 'Arroz, pasta y legumbres', 'store_id': 'condisline', 'quantity': '4,20€/Kilo', 'id': '4b71b184-3ee7-4cab-bb3f-46b6f2649dd3', 'created_at': '2025-05-19T11:35:22.140178'}] count=None
[2025-05-19 14:35:20] ✅ Successfully inserted: PASTA GALLO PLUMAS INTEGRAL 450 G
[2025-05-19 14:35:20] Attempting to insert product: {'name': 'ARROZ BRILLANTE INTEGRAL CHÍA 2 UNIDADES', 'price': 1.49, 'category': 'Arroz, pasta y legumbres', 'store_id': 'condisline', 'quantity': '5,96€/Kilo'}
[2025-05-19 14:35:20] Supabase Response: data=[{'name': 'ARROZ BRILLANTE INTEGRAL CHÍA 2 UNIDADES', 'price': 1.49, 'category': 'Arroz, pasta y legumbres', 'store_id': 'condisline', 'quantity': '5,96€/Kilo', 'id': 'e4348bac-a86c-4227-b160-760308a7c87b', 'created_at': '2025-05-19T11:35:22.351887'}] count=None
[2025-05-19 14:35:20] ✅ Successfully inserted: ARROZ BRILLANTE INTEGRAL CHÍA 2 UNIDADES
[2025-05-19 14:35:20] Attempting to insert product: {'name': 'PASTA CONDIS FIDEO CABELLO DE ANGEL N.0 500 G', 'price': 0.79, 'category': 'Arroz, pasta y legumbres', 'store_id': 'condisline', 'quantity': '1,58€/Kilo'}
[2025-05-19 14:35:20] Supabase Response: data=[{'name': 'PASTA CONDIS FIDEO CABELLO DE ANGEL N.0 500 G', 'price': 0.79, 'category': 'Arroz, pasta y legumbres', 'store_id': 'condisline', 'quantity': '1,58€/Kilo', 'id': '876f5fc0-6aad-44ef-a429-71d4c89916d6', 'created_at': '2025-05-19T11:35:22.623578'}] count=None
[2025-05-19 14:35:20] ✅ Successfully inserted: PASTA CONDIS FIDEO CABELLO DE ANGEL N.0 500 G
[2025-05-19 14:35:20] Attempting to insert product: {'name': 'ARROZ NOMEN INTEGRAL 1 KG', 'price': 1.97, 'category': 'Arroz, pasta y legumbres', 'store_id': 'condisline', 'quantity': '1,97€/Kilo'}
[2025-05-19 14:35:21] Supabase Response: data=[{'name': 'ARROZ NOMEN INTEGRAL 1 KG', 'price': 1.97, 'category': 'Arroz, pasta y legumbres', 'store_id': 'condisline', 'quantity': '1,97€/Kilo', 'id': '1ec66903-6c56-4f10-86f7-730fe5abfa68', 'created_at': '2025-05-19T11:35:22.836148'}] count=None
[2025-05-19 14:35:21] ✅ Successfully inserted: ARROZ NOMEN INTEGRAL 1 KG
[2025-05-19 14:35:21] Attempting to insert product: {'name': 'PASTA GALLO SPAGUETI INTEGRAL 450 G', 'price': 1.89, 'category': 'Arroz, pasta y legumbres', 'store_id': 'condisline', 'quantity': '4,20€/Kilo'}
[2025-05-19 14:35:21] Supabase Response: data=[{'name': 'PASTA GALLO SPAGUETI INTEGRAL 450 G', 'price': 1.89, 'category': 'Arroz, pasta y legumbres', 'store_id': 'condisline', 'quantity': '4,20€/Kilo', 'id': '2c55d001-0237-4891-818b-b0b3e0ac2883', 'created_at': '2025-05-19T11:35:23.079448'}] count=None
[2025-05-19 14:35:21] ✅ Successfully inserted: PASTA GALLO SPAGUETI INTEGRAL 450 G
[2025-05-19 14:35:21] Attempting to insert product: {'name': 'PASTA GALLO FIDEOS N.4 450 G', 'price': 1.39, 'category': 'Arroz, pasta y legumbres', 'store_id': 'condisline', 'quantity': '3,09€/Kilo'}
[2025-05-19 14:35:21] Supabase Response: data=[{'name': 'PASTA GALLO FIDEOS N.4 450 G', 'price': 1.39, 'category': 'Arroz, pasta y legumbres', 'store_id': 'condisline', 'quantity': '3,09€/Kilo', 'id': '4ff1b564-29ab-4be9-a0f0-472e30881ea1', 'created_at': '2025-05-19T11:35:23.455972'}] count=None
[2025-05-19 14:35:21] ✅ Successfully inserted: PASTA GALLO FIDEOS N.4 450 G
[2025-05-19 14:35:21] Attempting to insert product: {'name': 'PASTA GALLO PIÑONES 250 G', 'price': 0.89, 'category': 'Arroz, pasta y legumbres', 'store_id': 'condisline', 'quantity': '3,56€/Kilo'}
[2025-05-19 14:35:21] Supabase Response: data=[{'name': 'PASTA GALLO PIÑONES 250 G', 'price': 0.89, 'category': 'Arroz, pasta y legumbres', 'store_id': 'condisline', 'quantity': '3,56€/Kilo', 'id': '8f6996ba-eddc-4b9b-940f-92f20999a911', 'created_at': '2025-05-19T11:35:23.66873'}] count=None
[2025-05-19 14:35:21] ✅ Successfully inserted: PASTA GALLO PIÑONES 250 G
[2025-05-19 14:35:21] Attempting to insert product: {'name': 'LENTEJAS LUENGO RÁPIDAS 500 G', 'price': 2.03, 'category': 'Arroz, pasta y legumbres', 'store_id': 'condisline', 'quantity': '4,06€/Kilo'}
[2025-05-19 14:35:22] Supabase Response: data=[{'name': 'LENTEJAS LUENGO RÁPIDAS 500 G', 'price': 2.03, 'category': 'Arroz, pasta y legumbres', 'store_id': 'condisline', 'quantity': '4,06€/Kilo', 'id': 'c2c48e91-6bf4-4e01-b252-f0d511e4ddca', 'created_at': '2025-05-19T11:35:23.98371'}] count=None
[2025-05-19 14:35:22] ✅ Successfully inserted: LENTEJAS LUENGO RÁPIDAS 500 G
[2025-05-19 14:35:22] Attempting to insert product: {'name': 'VASITOS NOMEN BASMATI 2X 200 G', 'price': 2.6, 'category': 'Arroz, pasta y legumbres', 'store_id': 'condisline', 'quantity': '6,50€/Kilo'}
[2025-05-19 14:35:23] Supabase Response: data=[{'name': 'VASITOS NOMEN BASMATI 2X 200 G', 'price': 2.6, 'category': 'Arroz, pasta y legumbres', 'store_id': 'condisline', 'quantity': '6,50€/Kilo', 'id': '9d3ebe6d-81e9-44cd-a180-f08d09847c73', 'created_at': '2025-05-19T11:35:24.796937'}] count=None
[2025-05-19 14:35:23] ✅ Successfully inserted: VASITOS NOMEN BASMATI 2X 200 G
[2025-05-19 14:35:23] Attempting to insert product: {'name': 'PASTA GALLO ESTRELLAS 250 G', 'price': 0.89, 'category': 'Arroz, pasta y legumbres', 'store_id': 'condisline', 'quantity': '3,56€/Kilo'}
[2025-05-19 14:35:23] Supabase Response: data=[{'name': 'PASTA GALLO ESTRELLAS 250 G', 'price': 0.89, 'category': 'Arroz, pasta y legumbres', 'store_id': 'condisline', 'quantity': '3,56€/Kilo', 'id': 'd2d31b82-3d14-44d5-8eae-51412ec01034', 'created_at': '2025-05-19T11:35:25.083609'}] count=None
[2025-05-19 14:35:23] ✅ Successfully inserted: PASTA GALLO ESTRELLAS 250 G
[2025-05-19 14:35:23] Attempting to insert product: {'name': 'PASTA CONDIS VEGETAL FARFALLE 500 G', 'price': 1.1, 'category': 'Arroz, pasta y legumbres', 'store_id': 'condisline', 'quantity': '2,20€/Kilo'}
[2025-05-19 14:35:23] Supabase Response: data=[{'name': 'PASTA CONDIS VEGETAL FARFALLE 500 G', 'price': 1.1, 'category': 'Arroz, pasta y legumbres', 'store_id': 'condisline', 'quantity': '2,20€/Kilo', 'id': 'ac7b31e1-f1e2-447a-80ce-3e7b301cf625', 'created_at': '2025-05-19T11:35:25.702364'}] count=None
[2025-05-19 14:35:23] ✅ Successfully inserted: PASTA CONDIS VEGETAL FARFALLE 500 G
[2025-05-19 14:35:23] Attempting to insert product: {'name': 'ARROZ CONDIS BOMBA 1 KG', 'price': 5.19, 'category': 'Arroz, pasta y legumbres', 'store_id': 'condisline', 'quantity': '5,19€/Kilo'}
[2025-05-19 14:35:24] Supabase Response: data=[{'name': 'ARROZ CONDIS BOMBA 1 KG', 'price': 5.19, 'category': 'Arroz, pasta y legumbres', 'store_id': 'condisline', 'quantity': '5,19€/Kilo', 'id': '000fb42b-d550-4d08-a924-587983f07b60', 'created_at': '2025-05-19T11:35:26.006637'}] count=None
[2025-05-19 14:35:24] ✅ Successfully inserted: ARROZ CONDIS BOMBA 1 KG
[2025-05-19 14:35:24] Attempting to insert product: {'name': 'ARROZ CONDIS LARGO 1 KG', 'price': 1.41, 'category': 'Arroz, pasta y legumbres', 'store_id': 'condisline', 'quantity': '1,41€/Kilo'}
[2025-05-19 14:35:25] Supabase Response: data=[{'name': 'ARROZ CONDIS LARGO 1 KG', 'price': 1.41, 'category': 'Arroz, pasta y legumbres', 'store_id': 'condisline', 'quantity': '1,41€/Kilo', 'id': '9a4c3f2d-5f34-4beb-927e-d04603fa1644', 'created_at': '2025-05-19T11:35:26.845112'}] count=None
[2025-05-19 14:35:25] ✅ Successfully inserted: ARROZ CONDIS LARGO 1 KG
[2025-05-19 14:35:25] Attempting to insert product: {'name': 'MACARRONES GALLO ARROZ SIN GLUTEN 450 G', 'price': 2.49, 'category': 'Arroz, pasta y legumbres', 'store_id': 'condisline', 'quantity': '5,53€/Kilo'}
[2025-05-19 14:35:25] Supabase Response: data=[{'name': 'MACARRONES GALLO ARROZ SIN GLUTEN 450 G', 'price': 2.49, 'category': 'Arroz, pasta y legumbres', 'store_id': 'condisline', 'quantity': '5,53€/Kilo', 'id': 'e9011d82-b2ef-4c16-8c4c-847b62666b77', 'created_at': '2025-05-19T11:35:27.220271'}] count=None
[2025-05-19 14:35:25] ✅ Successfully inserted: MACARRONES GALLO ARROZ SIN GLUTEN 450 G
[2025-05-19 14:35:25] Attempting to insert product: {'name': 'COUS COUS GALLO  500 G', 'price': 2.0, 'category': 'Arroz, pasta y legumbres', 'store_id': 'condisline', 'quantity': '4,00€/Kilo'}
[2025-05-19 14:35:25] Supabase Response: data=[{'name': 'COUS COUS GALLO  500 G', 'price': 2.0, 'category': 'Arroz, pasta y legumbres', 'store_id': 'condisline', 'quantity': '4,00€/Kilo', 'id': 'e6a1da2e-fd6d-4143-9da3-0f9c933f2ed0', 'created_at': '2025-05-19T11:35:27.544098'}] count=None
[2025-05-19 14:35:25] ✅ Successfully inserted: COUS COUS GALLO  500 G
[2025-05-19 14:35:25] Attempting to insert product: {'name': 'ARROZ CONDIS BASMATI 1 KG', 'price': 2.35, 'category': 'Arroz, pasta y legumbres', 'store_id': 'condisline', 'quantity': '2,35€/Kilo'}
[2025-05-19 14:35:26] Supabase Response: data=[{'name': 'ARROZ CONDIS BASMATI 1 KG', 'price': 2.35, 'category': 'Arroz, pasta y legumbres', 'store_id': 'condisline', 'quantity': '2,35€/Kilo', 'id': 'bb0f2511-64a8-4a84-96d0-fed1a02d1ce2', 'created_at': '2025-05-19T11:35:27.850591'}] count=None
[2025-05-19 14:35:26] ✅ Successfully inserted: ARROZ CONDIS BASMATI 1 KG
[2025-05-19 14:35:26] Attempting to insert product: {'name': 'PASTA CONDIS TIBURÓN 500 G', 'price': 0.79, 'category': 'Arroz, pasta y legumbres', 'store_id': 'condisline', 'quantity': '1,58€/Kilo'}
[2025-05-19 14:35:26] Supabase Response: data=[{'name': 'PASTA CONDIS TIBURÓN 500 G', 'price': 0.79, 'category': 'Arroz, pasta y legumbres', 'store_id': 'condisline', 'quantity': '1,58€/Kilo', 'id': 'f90433d4-11cd-4a64-9611-51bd16bf93a2', 'created_at': '2025-05-19T11:35:28.119701'}] count=None
[2025-05-19 14:35:26] ✅ Successfully inserted: PASTA CONDIS TIBURÓN 500 G
[2025-05-19 14:35:26] Attempting to insert product: {'name': 'PASTA GALLO MARISCO 250 G', 'price': 0.89, 'category': 'Arroz, pasta y legumbres', 'store_id': 'condisline', 'quantity': '3,56€/Kilo'}
[2025-05-19 14:35:26] Supabase Response: data=[{'name': 'PASTA GALLO MARISCO 250 G', 'price': 0.89, 'category': 'Arroz, pasta y legumbres', 'store_id': 'condisline', 'quantity': '3,56€/Kilo', 'id': '836b2553-9e9d-4ee4-bb17-4ad1237eb609', 'created_at': '2025-05-19T11:35:28.364786'}] count=None
[2025-05-19 14:35:26] ✅ Successfully inserted: PASTA GALLO MARISCO 250 G
[2025-05-19 14:35:26] Attempting to insert product: {'name': 'COUS COUS BRILLANTE 250 G', 'price': 1.59, 'category': 'Arroz, pasta y legumbres', 'store_id': 'condisline', 'quantity': '6,36€/Kilo'}
[2025-05-19 14:35:26] Supabase Response: data=[{'name': 'COUS COUS BRILLANTE 250 G', 'price': 1.59, 'category': 'Arroz, pasta y legumbres', 'store_id': 'condisline', 'quantity': '6,36€/Kilo', 'id': '8e675d59-739a-45c7-965e-5e86052556bb', 'created_at': '2025-05-19T11:35:28.697042'}] count=None
[2025-05-19 14:35:26] ✅ Successfully inserted: COUS COUS BRILLANTE 250 G
[2025-05-19 14:35:26] Attempting to insert product: {'name': 'PASTA GALLO HUEVO NIDO 250 G', 'price': 1.15, 'category': 'Arroz, pasta y legumbres', 'store_id': 'condisline', 'quantity': '4,60€/Kilo'}
[2025-05-19 14:35:27] Supabase Response: data=[{'name': 'PASTA GALLO HUEVO NIDO 250 G', 'price': 1.15, 'category': 'Arroz, pasta y legumbres', 'store_id': 'condisline', 'quantity': '4,60€/Kilo', 'id': '3416ed48-4eda-46fc-95ad-56c039336a20', 'created_at': '2025-05-19T11:35:28.977852'}] count=None
[2025-05-19 14:35:27] ✅ Successfully inserted: PASTA GALLO HUEVO NIDO 250 G
[2025-05-19 14:35:27] Attempting to insert product: {'name': 'PASTA GALLO ESPAGUETI N.3 1€ 400 G', 'price': 1.0, 'category': 'Arroz, pasta y legumbres', 'store_id': 'condisline', 'quantity': '2,50€/Kilo'}
[2025-05-19 14:35:27] Supabase Response: data=[{'name': 'PASTA GALLO ESPAGUETI N.3 1€ 400 G', 'price': 1.0, 'category': 'Arroz, pasta y legumbres', 'store_id': 'condisline', 'quantity': '2,50€/Kilo', 'id': 'bf2efde9-cf91-498a-b43e-3aa6158c01d8', 'created_at': '2025-05-19T11:35:29.283453'}] count=None
[2025-05-19 14:35:27] ✅ Successfully inserted: PASTA GALLO ESPAGUETI N.3 1€ 400 G
[2025-05-19 14:35:27] Attempting to insert product: {'name': 'PASTA GALLO ÑOQUI BOLITAS DE PATATA 400 G', 'price': 1.59, 'category': 'Arroz, pasta y legumbres', 'store_id': 'condisline', 'quantity': '3,98€/Kilo'}
[2025-05-19 14:35:27] Supabase Response: data=[{'name': 'PASTA GALLO ÑOQUI BOLITAS DE PATATA 400 G', 'price': 1.59, 'category': 'Arroz, pasta y legumbres', 'store_id': 'condisline', 'quantity': '3,98€/Kilo', 'id': '1d7099c6-bb0f-41c7-b9ab-dd91eb517554', 'created_at': '2025-05-19T11:35:29.683507'}] count=None
[2025-05-19 14:35:27] ✅ Successfully inserted: PASTA GALLO ÑOQUI BOLITAS DE PATATA 400 G
[2025-05-19 14:35:27] Attempting to insert product: {'name': 'PASTA GALLO PAJARITAS VEGETALES 450 G', 'price': 1.79, 'category': 'Arroz, pasta y legumbres', 'store_id': 'condisline', 'quantity': '3,98€/Kilo'}
[2025-05-19 14:35:28] Supabase Response: data=[{'name': 'PASTA GALLO PAJARITAS VEGETALES 450 G', 'price': 1.79, 'category': 'Arroz, pasta y legumbres', 'store_id': 'condisline', 'quantity': '3,98€/Kilo', 'id': '98bc902b-b67e-4293-8324-c444deb6ad21', 'created_at': '2025-05-19T11:35:30.006412'}] count=None
[2025-05-19 14:35:28] ✅ Successfully inserted: PASTA GALLO PAJARITAS VEGETALES 450 G
[2025-05-19 14:35:28] Attempting to insert product: {'name': 'PASTA GALLO TIBURÓN GALET 250 G', 'price': 0.89, 'category': 'Arroz, pasta y legumbres', 'store_id': 'condisline', 'quantity': '3,56€/Kilo'}
[2025-05-19 14:35:28] Supabase Response: data=[{'name': 'PASTA GALLO TIBURÓN GALET 250 G', 'price': 0.89, 'category': 'Arroz, pasta y legumbres', 'store_id': 'condisline', 'quantity': '3,56€/Kilo', 'id': '4b947ad3-25be-4728-94d5-7d76fc418360', 'created_at': '2025-05-19T11:35:30.648629'}] count=None
[2025-05-19 14:35:28] ✅ Successfully inserted: PASTA GALLO TIBURÓN GALET 250 G
[2025-05-19 14:35:28] Attempting to insert product: {'name': 'ARROZ NOMEN LARGO 1 KG', 'price': 1.55, 'category': 'Arroz, pasta y legumbres', 'store_id': 'condisline', 'quantity': '1,55€/Kilo'}
[2025-05-19 14:35:29] Supabase Response: data=[{'name': 'ARROZ NOMEN LARGO 1 KG', 'price': 1.55, 'category': 'Arroz, pasta y legumbres', 'store_id': 'condisline', 'quantity': '1,55€/Kilo', 'id': '19a95eb7-8fb6-4033-ad1e-204214cb4ce1', 'created_at': '2025-05-19T11:35:31.002418'}] count=None
[2025-05-19 14:35:29] ✅ Successfully inserted: ARROZ NOMEN LARGO 1 KG
[2025-05-19 14:35:29] Attempting to insert product: {'name': 'PASTA GALLO LETRAS 250 G', 'price': 0.89, 'category': 'Arroz, pasta y legumbres', 'store_id': 'condisline', 'quantity': '3,56€/Kilo'}
[2025-05-19 14:35:29] Supabase Response: data=[{'name': 'PASTA GALLO LETRAS 250 G', 'price': 0.89, 'category': 'Arroz, pasta y legumbres', 'store_id': 'condisline', 'quantity': '3,56€/Kilo', 'id': '9d4003e1-a0aa-4aae-85c4-61ca43096e67', 'created_at': '2025-05-19T11:35:31.454412'}] count=None
[2025-05-19 14:35:29] ✅ Successfully inserted: PASTA GALLO LETRAS 250 G
[2025-05-19 14:35:29] Attempting to insert product: {'name': 'PASTA CONDIS FIDEO CAZUELA N 4 500 G', 'price': 0.79, 'category': 'Arroz, pasta y legumbres', 'store_id': 'condisline', 'quantity': '1,58€/Kilo'}
[2025-05-19 14:35:30] Supabase Response: data=[{'name': 'PASTA CONDIS FIDEO CAZUELA N 4 500 G', 'price': 0.79, 'category': 'Arroz, pasta y legumbres', 'store_id': 'condisline', 'quantity': '1,58€/Kilo', 'id': '402b11fa-a760-451e-b05e-760fa142a600', 'created_at': '2025-05-19T11:35:31.750369'}] count=None
[2025-05-19 14:35:30] ✅ Successfully inserted: PASTA CONDIS FIDEO CAZUELA N 4 500 G
[2025-05-19 14:35:30] Attempting to insert product: {'name': 'TORTELLINI GALLO CARNE 500 G', 'price': 3.65, 'category': 'Arroz, pasta y legumbres', 'store_id': 'condisline', 'quantity': '7,30€/Kilo'}
[2025-05-19 14:35:30] Supabase Response: data=[{'name': 'TORTELLINI GALLO CARNE 500 G', 'price': 3.65, 'category': 'Arroz, pasta y legumbres', 'store_id': 'condisline', 'quantity': '7,30€/Kilo', 'id': '2c8c0389-fe4d-45a3-a6e2-a857d3ae190a', 'created_at': '2025-05-19T11:35:32.056619'}] count=None
[2025-05-19 14:35:30] ✅ Successfully inserted: TORTELLINI GALLO CARNE 500 G
[2025-05-19 14:35:30] Attempting to insert product: {'name': 'RIGATONI LA MOLISANA  500 G', 'price': 1.79, 'category': 'Arroz, pasta y legumbres', 'store_id': 'condisline', 'quantity': '3,58€/Kilo'}
[2025-05-19 14:35:30] Supabase Response: data=[{'name': 'RIGATONI LA MOLISANA  500 G', 'price': 1.79, 'category': 'Arroz, pasta y legumbres', 'store_id': 'condisline', 'quantity': '3,58€/Kilo', 'id': '5f36da12-a0b1-4869-8b29-cb0a862fa5f4', 'created_at': '2025-05-19T11:35:32.333841'}] count=None
[2025-05-19 14:35:30] ✅ Successfully inserted: RIGATONI LA MOLISANA  500 G
[2025-05-19 14:35:30] Attempting to insert product: {'name': 'VASITOS NOMEN INTEGRAL 2X 200 G', 'price': 2.65, 'category': 'Arroz, pasta y legumbres', 'store_id': 'condisline', 'quantity': '6,63€/Kilo'}
[2025-05-19 14:35:30] Supabase Response: data=[{'name': 'VASITOS NOMEN INTEGRAL 2X 200 G', 'price': 2.65, 'category': 'Arroz, pasta y legumbres', 'store_id': 'condisline', 'quantity': '6,63€/Kilo', 'id': '1f675902-26ac-4b6a-bbd7-236b80ada1ab', 'created_at': '2025-05-19T11:35:32.64454'}] count=None
[2025-05-19 14:35:30] ✅ Successfully inserted: VASITOS NOMEN INTEGRAL 2X 200 G
[2025-05-19 14:35:30] Attempting to insert product: {'name': 'ARROZ BRILLANTE SABROZ 1 KG', 'price': 2.79, 'category': 'Arroz, pasta y legumbres', 'store_id': 'condisline', 'quantity': '2,79€/Kilo'}
[2025-05-19 14:35:31] Supabase Response: data=[{'name': 'ARROZ BRILLANTE SABROZ 1 KG', 'price': 2.79, 'category': 'Arroz, pasta y legumbres', 'store_id': 'condisline', 'quantity': '2,79€/Kilo', 'id': 'ad363ae6-171e-4343-a2be-69e64d0b9926', 'created_at': '2025-05-19T11:35:32.970248'}] count=None
[2025-05-19 14:35:31] ✅ Successfully inserted: ARROZ BRILLANTE SABROZ 1 KG
[2025-05-19 14:35:31] Attempting to insert product: {'name': 'SPAGHETTI GALLO PASTA FINA TOMATE Y ESPINACAS 400GR', 'price': 1.89, 'category': 'Arroz, pasta y legumbres', 'store_id': 'condisline', 'quantity': '4,73€/Kilo'}
[2025-05-19 14:35:31] Supabase Response: data=[{'name': 'SPAGHETTI GALLO PASTA FINA TOMATE Y ESPINACAS 400GR', 'price': 1.89, 'category': 'Arroz, pasta y legumbres', 'store_id': 'condisline', 'quantity': '4,73€/Kilo', 'id': '1be095d5-f853-4b12-9ca1-94d16913943b', 'created_at': '2025-05-19T11:35:33.186886'}] count=None
[2025-05-19 14:35:31] ✅ Successfully inserted: SPAGHETTI GALLO PASTA FINA TOMATE Y ESPINACAS 400GR
[2025-05-19 14:35:31] Attempting to insert product: {'name': 'SPAGHETTINI GALLO AL HUEVO 450 G', 'price': 1.75, 'category': 'Arroz, pasta y legumbres', 'store_id': 'condisline', 'quantity': '3,89€/Kilo'}
[2025-05-19 14:35:31] Supabase Response: data=[{'name': 'SPAGHETTINI GALLO AL HUEVO 450 G', 'price': 1.75, 'category': 'Arroz, pasta y legumbres', 'store_id': 'condisline', 'quantity': '3,89€/Kilo', 'id': '1526c3aa-f6f2-4434-84e1-572363ccac76', 'created_at': '2025-05-19T11:35:33.405023'}] count=None
[2025-05-19 14:35:31] ✅ Successfully inserted: SPAGHETTINI GALLO AL HUEVO 450 G
[2025-05-19 14:35:31] Attempting to insert product: {'name': 'ARROZ LARGO BRILLANTE FORMATO XL 2 X 200 G', 'price': 2.15, 'category': 'Arroz, pasta y legumbres', 'store_id': 'condisline', 'quantity': '5,38€/Kilo'}
[2025-05-19 14:35:31] Supabase Response: data=[{'name': 'ARROZ LARGO BRILLANTE FORMATO XL 2 X 200 G', 'price': 2.15, 'category': 'Arroz, pasta y legumbres', 'store_id': 'condisline', 'quantity': '5,38€/Kilo', 'id': 'b57c72ac-0b37-4d08-b1b2-a7cb82ba0bfc', 'created_at': '2025-05-19T11:35:33.635514'}] count=None
[2025-05-19 14:35:31] ✅ Successfully inserted: ARROZ LARGO BRILLANTE FORMATO XL 2 X 200 G
[2025-05-19 14:35:31] Attempting to insert product: {'name': 'HÉLICES GALLO VEGETALES SIN GLUTEN 450 G', 'price': 2.49, 'category': 'Arroz, pasta y legumbres', 'store_id': 'condisline', 'quantity': '5,53€/Kilo'}
[2025-05-19 14:35:32] Supabase Response: data=[{'name': 'HÉLICES GALLO VEGETALES SIN GLUTEN 450 G', 'price': 2.49, 'category': 'Arroz, pasta y legumbres', 'store_id': 'condisline', 'quantity': '5,53€/Kilo', 'id': 'f101d1de-7304-4d49-ba35-c589aa1d9608', 'created_at': '2025-05-19T11:35:33.934354'}] count=None
[2025-05-19 14:35:32] ✅ Successfully inserted: HÉLICES GALLO VEGETALES SIN GLUTEN 450 G
[2025-05-19 14:35:32] Attempting to insert product: {'name': 'PASTA GALLO HUEVO MACHERONI 450 G', 'price': 1.75, 'category': 'Arroz, pasta y legumbres', 'store_id': 'condisline', 'quantity': '3,89€/Kilo'}
[2025-05-19 14:35:32] Supabase Response: data=[{'name': 'PASTA GALLO HUEVO MACHERONI 450 G', 'price': 1.75, 'category': 'Arroz, pasta y legumbres', 'store_id': 'condisline', 'quantity': '3,89€/Kilo', 'id': '7fb6ad02-8be7-4717-902c-915563154f80', 'created_at': '2025-05-19T11:35:34.327655'}] count=None
[2025-05-19 14:35:32] ✅ Successfully inserted: PASTA GALLO HUEVO MACHERONI 450 G
[2025-05-19 14:35:32] Attempting to insert product: {'name': 'PASTA GALLO FIDEOS PERLA 250 G', 'price': 0.89, 'category': 'Arroz, pasta y legumbres', 'store_id': 'condisline', 'quantity': '3,56€/Kilo'}
[2025-05-19 14:35:32] Supabase Response: data=[{'name': 'PASTA GALLO FIDEOS PERLA 250 G', 'price': 0.89, 'category': 'Arroz, pasta y legumbres', 'store_id': 'condisline', 'quantity': '3,56€/Kilo', 'id': '3ad9a5d3-34d8-491f-b44e-abe7da035e45', 'created_at': '2025-05-19T11:35:34.542995'}] count=None
[2025-05-19 14:35:32] ✅ Successfully inserted: PASTA GALLO FIDEOS PERLA 250 G
[2025-05-19 14:35:32] Attempting to insert product: {'name': 'SPAGHETTI GALLO SIN GLUTEN 450 G', 'price': 2.49, 'category': 'Arroz, pasta y legumbres', 'store_id': 'condisline', 'quantity': '5,53€/Kilo'}
[2025-05-19 14:35:32] Supabase Response: data=[{'name': 'SPAGHETTI GALLO SIN GLUTEN 450 G', 'price': 2.49, 'category': 'Arroz, pasta y legumbres', 'store_id': 'condisline', 'quantity': '5,53€/Kilo', 'id': '889f1dde-482d-4c24-b333-a4a39354e851', 'created_at': '2025-05-19T11:35:34.772925'}] count=None
[2025-05-19 14:35:32] ✅ Successfully inserted: SPAGHETTI GALLO SIN GLUTEN 450 G
[2025-05-19 14:35:32] Attempting to insert product: {'name': 'PASTA CONDIS VEGETAL MACARRONE 500 G', 'price': 0.99, 'category': 'Arroz, pasta y legumbres', 'store_id': 'condisline', 'quantity': '1,98€/Kilo'}
[2025-05-19 14:35:33] Supabase Response: data=[{'name': 'PASTA CONDIS VEGETAL MACARRONE 500 G', 'price': 0.99, 'category': 'Arroz, pasta y legumbres', 'store_id': 'condisline', 'quantity': '1,98€/Kilo', 'id': '4f975b64-cafe-4115-b411-b40324019b1c', 'created_at': '2025-05-19T11:35:34.995327'}] count=None
[2025-05-19 14:35:33] ✅ Successfully inserted: PASTA CONDIS VEGETAL MACARRONE 500 G
[2025-05-19 14:35:33] Attempting to insert product: {'name': 'PASTA GALLO MINI MACARRONES 450 G', 'price': 1.5, 'category': 'Arroz, pasta y legumbres', 'store_id': 'condisline', 'quantity': '3,33€/Kilo'}
[2025-05-19 14:35:33] Supabase Response: data=[{'name': 'PASTA GALLO MINI MACARRONES 450 G', 'price': 1.5, 'category': 'Arroz, pasta y legumbres', 'store_id': 'condisline', 'quantity': '3,33€/Kilo', 'id': 'dcacf8fe-7b60-44f0-8cd2-d0eca4f89d41', 'created_at': '2025-05-19T11:35:35.215855'}] count=None
[2025-05-19 14:35:33] ✅ Successfully inserted: PASTA GALLO MINI MACARRONES 450 G
[2025-05-19 14:35:33] Attempting to insert product: {'name': 'PASTA CONDIS MARAVILLA 500 G', 'price': 0.79, 'category': 'Arroz, pasta y legumbres', 'store_id': 'condisline', 'quantity': '1,58€/Kilo'}
[2025-05-19 14:35:33] Supabase Response: data=[{'name': 'PASTA CONDIS MARAVILLA 500 G', 'price': 0.79, 'category': 'Arroz, pasta y legumbres', 'store_id': 'condisline', 'quantity': '1,58€/Kilo', 'id': '06516c31-447b-49f6-8ef1-412279914365', 'created_at': '2025-05-19T11:35:35.460836'}] count=None
[2025-05-19 14:35:33] ✅ Successfully inserted: PASTA CONDIS MARAVILLA 500 G
[2025-05-19 14:35:33] Attempting to insert product: {'name': 'PASTA GALLO TAGLIATA HUEVO 450 G', 'price': 1.75, 'category': 'Arroz, pasta y legumbres', 'store_id': 'condisline', 'quantity': '3,89€/Kilo'}
[2025-05-19 14:35:33] Supabase Response: data=[{'name': 'PASTA GALLO TAGLIATA HUEVO 450 G', 'price': 1.75, 'category': 'Arroz, pasta y legumbres', 'store_id': 'condisline', 'quantity': '3,89€/Kilo', 'id': '4a1f83cc-c50c-4a2d-935a-da18093998fb', 'created_at': '2025-05-19T11:35:35.699472'}] count=None
[2025-05-19 14:35:33] ✅ Successfully inserted: PASTA GALLO TAGLIATA HUEVO 450 G
[2025-05-19 14:35:33] Attempting to insert product: {'name': 'ARROZ SOS CALDOSOS 500 G', 'price': 1.51, 'category': 'Arroz, pasta y legumbres', 'store_id': 'condisline', 'quantity': '3,02€/Kilo'}
[2025-05-19 14:35:34] Supabase Response: data=[{'name': 'ARROZ SOS CALDOSOS 500 G', 'price': 1.51, 'category': 'Arroz, pasta y legumbres', 'store_id': 'condisline', 'quantity': '3,02€/Kilo', 'id': '78211dbd-13c5-4164-b0e9-f47b6625eb1b', 'created_at': '2025-05-19T11:35:35.929841'}] count=None
[2025-05-19 14:35:34] ✅ Successfully inserted: ARROZ SOS CALDOSOS 500 G
[2025-05-19 14:35:34] Attempting to insert product: {'name': 'PASTA CONDIS FIDEO PERLA 500 G', 'price': 0.79, 'category': 'Arroz, pasta y legumbres', 'store_id': 'condisline', 'quantity': '1,58€/Kilo'}
[2025-05-19 14:35:34] Supabase Response: data=[{'name': 'PASTA CONDIS FIDEO PERLA 500 G', 'price': 0.79, 'category': 'Arroz, pasta y legumbres', 'store_id': 'condisline', 'quantity': '1,58€/Kilo', 'id': 'de39d0a4-7c4c-4e7d-bb43-6a91909f2439', 'created_at': '2025-05-19T11:35:36.141117'}] count=None
[2025-05-19 14:35:34] ✅ Successfully inserted: PASTA CONDIS FIDEO PERLA 500 G
[2025-05-19 14:35:34] Attempting to insert product: {'name': 'PASTA CONDIS FIDEUA N.1 500 G', 'price': 0.79, 'category': 'Arroz, pasta y legumbres', 'store_id': 'condisline', 'quantity': '1,58€/Kilo'}
[2025-05-19 14:35:34] Supabase Response: data=[{'name': 'PASTA CONDIS FIDEUA N.1 500 G', 'price': 0.79, 'category': 'Arroz, pasta y legumbres', 'store_id': 'condisline', 'quantity': '1,58€/Kilo', 'id': 'b1eab26b-3cd0-4033-8bfe-5c0f06a9d19c', 'created_at': '2025-05-19T11:35:36.352131'}] count=None
[2025-05-19 14:35:34] ✅ Successfully inserted: PASTA CONDIS FIDEUA N.1 500 G
[2025-05-19 14:35:34] Attempting to insert product: {'name': 'LENTEJAS LUENGO PARDINA 1 KG', 'price': 4.0, 'category': 'Arroz, pasta y legumbres', 'store_id': 'condisline', 'quantity': '4,00€/Kilo'}
[2025-05-19 14:35:34] Supabase Response: data=[{'name': 'LENTEJAS LUENGO PARDINA 1 KG', 'price': 4.0, 'category': 'Arroz, pasta y legumbres', 'store_id': 'condisline', 'quantity': '4,00€/Kilo', 'id': 'ca0ce5ee-01cc-4da5-9005-5e31386891a1', 'created_at': '2025-05-19T11:35:36.590546'}] count=None
[2025-05-19 14:35:34] ✅ Successfully inserted: LENTEJAS LUENGO PARDINA 1 KG
[2025-05-19 14:35:34] Attempting to insert product: {'name': 'LENTEJAS CONDIS ROJA EXTRA 1 KG', 'price': 1.75, 'category': 'Arroz, pasta y legumbres', 'store_id': 'condisline', 'quantity': '1,75€/Kilo'}
[2025-05-19 14:35:34] Supabase Response: data=[{'name': 'LENTEJAS CONDIS ROJA EXTRA 1 KG', 'price': 1.75, 'category': 'Arroz, pasta y legumbres', 'store_id': 'condisline', 'quantity': '1,75€/Kilo', 'id': '605cbdf6-0874-4aba-97b8-3c7ff54836e1', 'created_at': '2025-05-19T11:35:36.799867'}] count=None
[2025-05-19 14:35:34] ✅ Successfully inserted: LENTEJAS CONDIS ROJA EXTRA 1 KG
[2025-05-19 14:35:34] Attempting to insert product: {'name': 'LASAÑA EL PAVO INSTANTÁNEA 200 G', 'price': 1.49, 'category': 'Arroz, pasta y legumbres', 'store_id': 'condisline', 'quantity': '7,45€/Kilo'}
[2025-05-19 14:35:35] Supabase Response: data=[{'name': 'LASAÑA EL PAVO INSTANTÁNEA 200 G', 'price': 1.49, 'category': 'Arroz, pasta y legumbres', 'store_id': 'condisline', 'quantity': '7,45€/Kilo', 'id': '306e09fe-5b5e-47c5-b384-a63cba91fa82', 'created_at': '2025-05-19T11:35:37.0604'}] count=None
[2025-05-19 14:35:35] ✅ Successfully inserted: LASAÑA EL PAVO INSTANTÁNEA 200 G
[2025-05-19 14:35:35] Attempting to insert product: {'name': 'ARROZ NOMEN PAELLA 1 KG', 'price': 5.15, 'category': 'Arroz, pasta y legumbres', 'store_id': 'condisline', 'quantity': '5,15€/Kilo'}
[2025-05-19 14:35:35] Supabase Response: data=[{'name': 'ARROZ NOMEN PAELLA 1 KG', 'price': 5.15, 'category': 'Arroz, pasta y legumbres', 'store_id': 'condisline', 'quantity': '5,15€/Kilo', 'id': '3f327c71-eb4c-4ede-a3c5-9e0f109582c5', 'created_at': '2025-05-19T11:35:37.292323'}] count=None
[2025-05-19 14:35:35] ✅ Successfully inserted: ARROZ NOMEN PAELLA 1 KG
[2025-05-19 14:35:35] Attempting to insert product: {'name': 'ARROZ SEGADORS DEL DELTA EXTRA 1 KG', 'price': 2.49, 'category': 'Arroz, pasta y legumbres', 'store_id': 'condisline', 'quantity': '2,49€/Kilo'}
[2025-05-19 14:35:35] Supabase Response: data=[{'name': 'ARROZ SEGADORS DEL DELTA EXTRA 1 KG', 'price': 2.49, 'category': 'Arroz, pasta y legumbres', 'store_id': 'condisline', 'quantity': '2,49€/Kilo', 'id': 'ed9eb3f6-3abc-4304-b31c-254a10bdb91c', 'created_at': '2025-05-19T11:35:37.512991'}] count=None
[2025-05-19 14:35:35] ✅ Successfully inserted: ARROZ SEGADORS DEL DELTA EXTRA 1 KG
[2025-05-19 14:35:35] Attempting to insert product: {'name': 'SPAGHETTI MOLISANA  500 G', 'price': 1.79, 'category': 'Arroz, pasta y legumbres', 'store_id': 'condisline', 'quantity': '3,58€/Kilo'}
[2025-05-19 14:35:35] Supabase Response: data=[{'name': 'SPAGHETTI MOLISANA  500 G', 'price': 1.79, 'category': 'Arroz, pasta y legumbres', 'store_id': 'condisline', 'quantity': '3,58€/Kilo', 'id': '0dec7d58-71b8-4434-8748-5ecb5387cb66', 'created_at': '2025-05-19T11:35:37.757235'}] count=None
[2025-05-19 14:35:35] ✅ Successfully inserted: SPAGHETTI MOLISANA  500 G
[2025-05-19 14:35:35] Attempting to insert product: {'name': 'TORTELLINI GALLO QUESO 500 G', 'price': 3.65, 'category': 'Arroz, pasta y legumbres', 'store_id': 'condisline', 'quantity': '7,30€/Kilo'}
[2025-05-19 14:35:36] Supabase Response: data=[{'name': 'TORTELLINI GALLO QUESO 500 G', 'price': 3.65, 'category': 'Arroz, pasta y legumbres', 'store_id': 'condisline', 'quantity': '7,30€/Kilo', 'id': '6cef7427-8d70-4fde-9e91-342b2316e666', 'created_at': '2025-05-19T11:35:37.970102'}] count=None
[2025-05-19 14:35:36] ✅ Successfully inserted: TORTELLINI GALLO QUESO 500 G
[2025-05-19 14:35:36] Attempting to insert product: {'name': 'HELICES GALLO NATURE MULTI VEGETAL 400 G', 'price': 2.07, 'category': 'Arroz, pasta y legumbres', 'store_id': 'condisline', 'quantity': '5,18€/Kilo'}
[2025-05-19 14:35:36] Supabase Response: data=[{'name': 'HELICES GALLO NATURE MULTI VEGETAL 400 G', 'price': 2.07, 'category': 'Arroz, pasta y legumbres', 'store_id': 'condisline', 'quantity': '5,18€/Kilo', 'id': '855fe515-30a9-45bd-99f0-944ccf488dd1', 'created_at': '2025-05-19T11:35:38.202156'}] count=None
[2025-05-19 14:35:36] ✅ Successfully inserted: HELICES GALLO NATURE MULTI VEGETAL 400 G
[2025-05-19 14:35:36] Attempting to insert product: {'name': 'GARBANZOS LUENGO SELECTOS 1 KG', 'price': 3.95, 'category': 'Arroz, pasta y legumbres', 'store_id': 'condisline', 'quantity': '3,95€/Kilo'}
[2025-05-19 14:35:36] Supabase Response: data=[{'name': 'GARBANZOS LUENGO SELECTOS 1 KG', 'price': 3.95, 'category': 'Arroz, pasta y legumbres', 'store_id': 'condisline', 'quantity': '3,95€/Kilo', 'id': 'd23e7eaf-58aa-412c-a362-8edd9407d048', 'created_at': '2025-05-19T11:35:38.469257'}] count=None
[2025-05-19 14:35:36] ✅ Successfully inserted: GARBANZOS LUENGO SELECTOS 1 KG
[2025-05-19 14:35:36] Attempting to insert product: {'name': 'ARROZ LARGO CONDIS VAPORIZADO 1 KG', 'price': 1.69, 'category': 'Arroz, pasta y legumbres', 'store_id': 'condisline', 'quantity': '1,69€/Kilo'}
[2025-05-19 14:35:36] Supabase Response: data=[{'name': 'ARROZ LARGO CONDIS VAPORIZADO 1 KG', 'price': 1.69, 'category': 'Arroz, pasta y legumbres', 'store_id': 'condisline', 'quantity': '1,69€/Kilo', 'id': '635ee45f-9191-407f-b53d-610f0d920024', 'created_at': '2025-05-19T11:35:38.682308'}] count=None
[2025-05-19 14:35:36] ✅ Successfully inserted: ARROZ LARGO CONDIS VAPORIZADO 1 KG
[2025-05-19 14:35:36] Attempting to insert product: {'name': 'RAVIOLIS GALLO CARNE 500 G', 'price': 3.65, 'category': 'Arroz, pasta y legumbres', 'store_id': 'condisline', 'quantity': '7,30€/Kilo'}
[2025-05-19 14:35:37] Supabase Response: data=[{'name': 'RAVIOLIS GALLO CARNE 500 G', 'price': 3.65, 'category': 'Arroz, pasta y legumbres', 'store_id': 'condisline', 'quantity': '7,30€/Kilo', 'id': '8f559dd8-d422-4de5-857c-777feb12e248', 'created_at': '2025-05-19T11:35:38.931035'}] count=None
[2025-05-19 14:35:37] ✅ Successfully inserted: RAVIOLIS GALLO CARNE 500 G
[2025-05-19 14:35:37] Attempting to insert product: {'name': 'FIDEO ARROZ GALLO SIN GLUTEN 450 G', 'price': 2.49, 'category': 'Arroz, pasta y legumbres', 'store_id': 'condisline', 'quantity': '5,53€/Kilo'}
[2025-05-19 14:35:37] Supabase Response: data=[{'name': 'FIDEO ARROZ GALLO SIN GLUTEN 450 G', 'price': 2.49, 'category': 'Arroz, pasta y legumbres', 'store_id': 'condisline', 'quantity': '5,53€/Kilo', 'id': '21b69ae6-ac90-42c9-9a8e-3fc30d1fafa3', 'created_at': '2025-05-19T11:35:39.160043'}] count=None
[2025-05-19 14:35:37] ✅ Successfully inserted: FIDEO ARROZ GALLO SIN GLUTEN 450 G
[2025-05-19 14:35:37] Attempting to insert product: {'name': 'HELICES GALLO NATURE LENTEJA 250 G', 'price': 1.99, 'category': 'Arroz, pasta y legumbres', 'store_id': 'condisline', 'quantity': '7,96€/Kilo'}
[2025-05-19 14:35:37] Supabase Response: data=[{'name': 'HELICES GALLO NATURE LENTEJA 250 G', 'price': 1.99, 'category': 'Arroz, pasta y legumbres', 'store_id': 'condisline', 'quantity': '7,96€/Kilo', 'id': '7751064a-a3be-4f84-8058-dadb7f4ffa01', 'created_at': '2025-05-19T11:35:39.385215'}] count=None
[2025-05-19 14:35:37] ✅ Successfully inserted: HELICES GALLO NATURE LENTEJA 250 G
[2025-05-19 14:35:37] Attempting to insert product: {'name': 'LENTEJAS LUENGO CASTELLANA 500 G', 'price': 1.97, 'category': 'Arroz, pasta y legumbres', 'store_id': 'condisline', 'quantity': '3,94€/Kilo'}
[2025-05-19 14:35:37] Supabase Response: data=[{'name': 'LENTEJAS LUENGO CASTELLANA 500 G', 'price': 1.97, 'category': 'Arroz, pasta y legumbres', 'store_id': 'condisline', 'quantity': '3,94€/Kilo', 'id': '13f08a8e-bbc1-4f2c-a109-5e6f60a9dd4c', 'created_at': '2025-05-19T11:35:39.60416'}] count=None
[2025-05-19 14:35:37] ✅ Successfully inserted: LENTEJAS LUENGO CASTELLANA 500 G
[2025-05-19 14:35:37] Attempting to insert product: {'name': 'ESPAGUETIS CONDIS ECO 500 G', 'price': 2.55, 'category': 'Arroz, pasta y legumbres', 'store_id': 'condisline', 'quantity': '5,10€/Kilo'}
[2025-05-19 14:35:38] Supabase Response: data=[{'name': 'ESPAGUETIS CONDIS ECO 500 G', 'price': 2.55, 'category': 'Arroz, pasta y legumbres', 'store_id': 'condisline', 'quantity': '5,10€/Kilo', 'id': 'eb2cba73-521b-4402-a7b5-62bcc3f996b9', 'created_at': '2025-05-19T11:35:39.831948'}] count=None
[2025-05-19 14:35:38] ✅ Successfully inserted: ESPAGUETIS CONDIS ECO 500 G
[2025-05-19 14:35:38] Attempting to insert product: {'name': 'PASTA GALLO FIDEOS N.1 450 G', 'price': 1.39, 'category': 'Arroz, pasta y legumbres', 'store_id': 'condisline', 'quantity': '3,09€/Kilo'}
[2025-05-19 14:35:38] Supabase Response: data=[{'name': 'PASTA GALLO FIDEOS N.1 450 G', 'price': 1.39, 'category': 'Arroz, pasta y legumbres', 'store_id': 'condisline', 'quantity': '3,09€/Kilo', 'id': 'ae03b25a-7b0f-4e4f-8de3-f3933020abd3', 'created_at': '2025-05-19T11:35:40.090621'}] count=None
[2025-05-19 14:35:38] ✅ Successfully inserted: PASTA GALLO FIDEOS N.1 450 G
[2025-05-19 14:35:38] Attempting to insert product: {'name': 'PASTA GALLO FIDEUA 450 G', 'price': 1.39, 'category': 'Arroz, pasta y legumbres', 'store_id': 'condisline', 'quantity': '3,09€/Kilo'}
[2025-05-19 14:35:39] Supabase Response: data=[{'name': 'PASTA GALLO FIDEUA 450 G', 'price': 1.39, 'category': 'Arroz, pasta y legumbres', 'store_id': 'condisline', 'quantity': '3,09€/Kilo', 'id': '9e8dd174-c459-403f-b57a-c1bfaffa5c5a', 'created_at': '2025-05-19T11:35:40.329457'}] count=None
[2025-05-19 14:35:39] ✅ Successfully inserted: PASTA GALLO FIDEUA 450 G
[2025-05-19 14:35:39] Attempting to insert product: {'name': 'GARBANZOS CONDIS EXTRA 1 KG', 'price': 2.49, 'category': 'Arroz, pasta y legumbres', 'store_id': 'condisline', 'quantity': '2,49€/Kilo'}
[2025-05-19 14:35:39] Supabase Response: data=[{'name': 'GARBANZOS CONDIS EXTRA 1 KG', 'price': 2.49, 'category': 'Arroz, pasta y legumbres', 'store_id': 'condisline', 'quantity': '2,49€/Kilo', 'id': 'a2bef81e-4f46-46dd-ab0c-d7dcd8a8c697', 'created_at': '2025-05-19T11:35:41.279632'}] count=None
[2025-05-19 14:35:39] ✅ Successfully inserted: GARBANZOS CONDIS EXTRA 1 KG
[2025-05-19 14:35:39] Attempting to insert product: {'name': 'CANELONES EL PAVO FÁCIL 125 G', 'price': 1.53, 'category': 'Arroz, pasta y legumbres', 'store_id': 'condisline', 'quantity': '12,24€/Kilo'}
[2025-05-19 14:35:39] Supabase Response: data=[{'name': 'CANELONES EL PAVO FÁCIL 125 G', 'price': 1.53, 'category': 'Arroz, pasta y legumbres', 'store_id': 'condisline', 'quantity': '12,24€/Kilo', 'id': '07f59bb5-3b17-4ec8-99ea-0468124a1928', 'created_at': '2025-05-19T11:35:41.585594'}] count=None
[2025-05-19 14:35:39] ✅ Successfully inserted: CANELONES EL PAVO FÁCIL 125 G
[2025-05-19 14:35:39] Attempting to insert product: {'name': 'MACARRONES CONDIS ECO INTEGRALES 500 G', 'price': 2.55, 'category': 'Arroz, pasta y legumbres', 'store_id': 'condisline', 'quantity': '5,10€/Kilo'}
[2025-05-19 14:35:40] Supabase Response: data=[{'name': 'MACARRONES CONDIS ECO INTEGRALES 500 G', 'price': 2.55, 'category': 'Arroz, pasta y legumbres', 'store_id': 'condisline', 'quantity': '5,10€/Kilo', 'id': 'ff7e2b29-b5f9-4302-9eec-d3cc85a8487c', 'created_at': '2025-05-19T11:35:41.894796'}] count=None
[2025-05-19 14:35:40] ✅ Successfully inserted: MACARRONES CONDIS ECO INTEGRALES 500 G
[2025-05-19 14:35:40] Attempting to insert product: {'name': 'SEMOLA NOMEN TRIGO 500 G', 'price': 1.49, 'category': 'Arroz, pasta y legumbres', 'store_id': 'condisline', 'quantity': '2,98€/Kilo'}
[2025-05-19 14:35:40] Supabase Response: data=[{'name': 'SEMOLA NOMEN TRIGO 500 G', 'price': 1.49, 'category': 'Arroz, pasta y legumbres', 'store_id': 'condisline', 'quantity': '2,98€/Kilo', 'id': '98d407e3-9bb9-4dc1-a694-884225e8d733', 'created_at': '2025-05-19T11:35:42.209101'}] count=None
[2025-05-19 14:35:40] ✅ Successfully inserted: SEMOLA NOMEN TRIGO 500 G
[2025-05-19 14:35:40] Attempting to insert product: {'name': 'PLACAS GALLO CANELONES 20 UNIDADES 160 G', 'price': 0.83, 'category': 'Arroz, pasta y legumbres', 'store_id': 'condisline', 'quantity': '5,19€/Kilo'}
[2025-05-19 14:35:40] Supabase Response: data=[{'name': 'PLACAS GALLO CANELONES 20 UNIDADES 160 G', 'price': 0.83, 'category': 'Arroz, pasta y legumbres', 'store_id': 'condisline', 'quantity': '5,19€/Kilo', 'id': '20ec6e9e-18e6-46a4-b6a9-99a0b7b8e641', 'created_at': '2025-05-19T11:35:42.573872'}] count=None
[2025-05-19 14:35:40] ✅ Successfully inserted: PLACAS GALLO CANELONES 20 UNIDADES 160 G
[2025-05-19 14:35:40] Attempting to insert product: {'name': 'SOJA LUENGO TEXTURIZADA 200 G', 'price': 2.75, 'category': 'Arroz, pasta y legumbres', 'store_id': 'condisline', 'quantity': '13,75€/Kilo'}
[2025-05-19 14:35:41] Supabase Response: data=[{'name': 'SOJA LUENGO TEXTURIZADA 200 G', 'price': 2.75, 'category': 'Arroz, pasta y legumbres', 'store_id': 'condisline', 'quantity': '13,75€/Kilo', 'id': 'c3333ba1-480e-46f0-b999-bcc2997008c6', 'created_at': '2025-05-19T11:35:42.908395'}] count=None
[2025-05-19 14:35:41] ✅ Successfully inserted: SOJA LUENGO TEXTURIZADA 200 G
[2025-05-19 14:35:41] Attempting to insert product: {'name': 'ALUBIAS LUENGO PINTAS 500 G', 'price': 2.07, 'category': 'Arroz, pasta y legumbres', 'store_id': 'condisline', 'quantity': '4,14€/Kilo'}
[2025-05-19 14:35:41] Supabase Response: data=[{'name': 'ALUBIAS LUENGO PINTAS 500 G', 'price': 2.07, 'category': 'Arroz, pasta y legumbres', 'store_id': 'condisline', 'quantity': '4,14€/Kilo', 'id': '74f8e117-0696-47e9-8aea-dcda47fff0bd', 'created_at': '2025-05-19T11:35:43.23411'}] count=None
[2025-05-19 14:35:41] ✅ Successfully inserted: ALUBIAS LUENGO PINTAS 500 G
[2025-05-19 14:35:41] Attempting to insert product: {'name': 'ESPAGUETIS CONDIS ECO INTEGRALES 500 G', 'price': 2.55, 'category': 'Arroz, pasta y legumbres', 'store_id': 'condisline', 'quantity': '5,10€/Kilo'}
[2025-05-19 14:35:41] Supabase Response: data=[{'name': 'ESPAGUETIS CONDIS ECO INTEGRALES 500 G', 'price': 2.55, 'category': 'Arroz, pasta y legumbres', 'store_id': 'condisline', 'quantity': '5,10€/Kilo', 'id': 'a54130da-487c-4108-9b33-c770c9827386', 'created_at': '2025-05-19T11:35:43.739024'}] count=None
[2025-05-19 14:35:41] ✅ Successfully inserted: ESPAGUETIS CONDIS ECO INTEGRALES 500 G
[2025-05-19 14:35:41] Attempting to insert product: {'name': 'PASTA GALLO DISNEY MICKEY 300 G', 'price': 2.2, 'category': 'Arroz, pasta y legumbres', 'store_id': 'condisline', 'quantity': '7,33€/Kilo'}
[2025-05-19 14:35:42] Supabase Response: data=[{'name': 'PASTA GALLO DISNEY MICKEY 300 G', 'price': 2.2, 'category': 'Arroz, pasta y legumbres', 'store_id': 'condisline', 'quantity': '7,33€/Kilo', 'id': 'f43de5d9-64bd-4c01-828c-b9310ed49f04', 'created_at': '2025-05-19T11:35:43.960169'}] count=None
[2025-05-19 14:35:42] ✅ Successfully inserted: PASTA GALLO DISNEY MICKEY 300 G
[2025-05-19 14:35:42] Attempting to insert product: {'name': 'SEMILLAS SOL NATURA SESAMO TOSTADO 500 G', 'price': 5.59, 'category': 'Arroz, pasta y legumbres', 'store_id': 'condisline', 'quantity': '11,18€/Kilo'}
[2025-05-19 14:35:42] Supabase Response: data=[{'name': 'SEMILLAS SOL NATURA SESAMO TOSTADO 500 G', 'price': 5.59, 'category': 'Arroz, pasta y legumbres', 'store_id': 'condisline', 'quantity': '11,18€/Kilo', 'id': '180126de-562b-4057-8460-d18b2df0e967', 'created_at': '2025-05-19T11:35:44.270632'}] count=None
[2025-05-19 14:35:42] ✅ Successfully inserted: SEMILLAS SOL NATURA SESAMO TOSTADO 500 G
[2025-05-19 14:35:42] Attempting to insert product: {'name': 'LASAÑA GALLO PLACAS HORNO 224 G', 'price': 1.75, 'category': 'Arroz, pasta y legumbres', 'store_id': 'condisline', 'quantity': '7,81€/Kilo'}
[2025-05-19 14:35:42] Supabase Response: data=[{'name': 'LASAÑA GALLO PLACAS HORNO 224 G', 'price': 1.75, 'category': 'Arroz, pasta y legumbres', 'store_id': 'condisline', 'quantity': '7,81€/Kilo', 'id': '9a7789fd-ae23-463f-9cfb-061cda9bd33e', 'created_at': '2025-05-19T11:35:44.570071'}] count=None
[2025-05-19 14:35:42] ✅ Successfully inserted: LASAÑA GALLO PLACAS HORNO 224 G
[2025-05-19 14:35:42] Attempting to insert product: {'name': 'LENTEJA  PARDINA ECO 500 G', 'price': 4.79, 'category': 'Arroz, pasta y legumbres', 'store_id': 'condisline', 'quantity': '9,58€/Kilo'}
[2025-05-19 14:35:43] Supabase Response: data=[{'name': 'LENTEJA  PARDINA ECO 500 G', 'price': 4.79, 'category': 'Arroz, pasta y legumbres', 'store_id': 'condisline', 'quantity': '9,58€/Kilo', 'id': '9c3a2ef1-fe6e-4717-b3d3-090f70fcf337', 'created_at': '2025-05-19T11:35:44.792137'}] count=None
[2025-05-19 14:35:43] ✅ Successfully inserted: LENTEJA  PARDINA ECO 500 G
[2025-05-19 14:35:43] Attempting to insert product: {'name': 'PASTA GALLO DISNEY FROZEN 300 G', 'price': 2.2, 'category': 'Arroz, pasta y legumbres', 'store_id': 'condisline', 'quantity': '7,33€/Kilo'}
[2025-05-19 14:35:43] Supabase Response: data=[{'name': 'PASTA GALLO DISNEY FROZEN 300 G', 'price': 2.2, 'category': 'Arroz, pasta y legumbres', 'store_id': 'condisline', 'quantity': '7,33€/Kilo', 'id': 'ce0fc4c1-d5b2-4ca3-9fee-a8d73328586c', 'created_at': '2025-05-19T11:35:45.060436'}] count=None
[2025-05-19 14:35:43] ✅ Successfully inserted: PASTA GALLO DISNEY FROZEN 300 G
[2025-05-19 14:35:43] Attempting to insert product: {'name': 'FIDEOS CASA AMELLA N.0 INTEGRALES ESPELT 250 G', 'price': 2.99, 'category': 'Arroz, pasta y legumbres', 'store_id': 'condisline', 'quantity': '11,96€/Kilo'}
[2025-05-19 14:35:43] Supabase Response: data=[{'name': 'FIDEOS CASA AMELLA N.0 INTEGRALES ESPELT 250 G', 'price': 2.99, 'category': 'Arroz, pasta y legumbres', 'store_id': 'condisline', 'quantity': '11,96€/Kilo', 'id': 'e9c7cf1e-f2a4-4bdf-908f-b5fdda97cff7', 'created_at': '2025-05-19T11:35:45.339965'}] count=None
[2025-05-19 14:35:43] ✅ Successfully inserted: FIDEOS CASA AMELLA N.0 INTEGRALES ESPELT 250 G
[2025-05-19 14:35:43] Attempting to insert product: {'name': 'MACARRONES CASA AMELLA INTEGRALES ESPELTA 250 G', 'price': 2.99, 'category': 'Arroz, pasta y legumbres', 'store_id': 'condisline', 'quantity': '11,96€/Kilo'}
[2025-05-19 14:35:43] Supabase Response: data=[{'name': 'MACARRONES CASA AMELLA INTEGRALES ESPELTA 250 G', 'price': 2.99, 'category': 'Arroz, pasta y legumbres', 'store_id': 'condisline', 'quantity': '11,96€/Kilo', 'id': '20a4b690-d07a-4660-84a5-2e7984c1c8d3', 'created_at': '2025-05-19T11:35:45.643768'}] count=None
[2025-05-19 14:35:43] ✅ Successfully inserted: MACARRONES CASA AMELLA INTEGRALES ESPELTA 250 G
[2025-05-19 14:35:43] Attempting to insert product: {'name': 'CANELONES EL PAVO  20 UNIDADES', 'price': 1.25, 'category': 'Arroz, pasta y legumbres', 'store_id': 'condisline', 'quantity': '10,00€/Kilo'}
[2025-05-19 14:35:44] Supabase Response: data=[{'name': 'CANELONES EL PAVO  20 UNIDADES', 'price': 1.25, 'category': 'Arroz, pasta y legumbres', 'store_id': 'condisline', 'quantity': '10,00€/Kilo', 'id': 'aa4a9c86-9f7c-45aa-adea-1ad89faea1a8', 'created_at': '2025-05-19T11:35:45.958703'}] count=None
[2025-05-19 14:35:44] ✅ Successfully inserted: CANELONES EL PAVO  20 UNIDADES
[2025-05-19 14:35:44] Attempting to insert product: {'name': 'ARROZ SEO FOOD INTEGRAL ECOLO 1 KG', 'price': 6.75, 'category': 'Arroz, pasta y legumbres', 'store_id': 'condisline', 'quantity': '6,75€/Kilo'}
[2025-05-19 14:35:44] Supabase Response: data=[{'name': 'ARROZ SEO FOOD INTEGRAL ECOLO 1 KG', 'price': 6.75, 'category': 'Arroz, pasta y legumbres', 'store_id': 'condisline', 'quantity': '6,75€/Kilo', 'id': '471cacec-55c2-40ed-a49f-352a3bcf88b9', 'created_at': '2025-05-19T11:35:46.199435'}] count=None
[2025-05-19 14:35:44] ✅ Successfully inserted: ARROZ SEO FOOD INTEGRAL ECOLO 1 KG
[2025-05-19 14:35:44] Attempting to insert product: {'name': 'ALUBIAS LUENGO BLANCAS 500 G', 'price': 2.07, 'category': 'Arroz, pasta y legumbres', 'store_id': 'condisline', 'quantity': '4,14€/Kilo'}
[2025-05-19 14:35:44] Supabase Response: data=[{'name': 'ALUBIAS LUENGO BLANCAS 500 G', 'price': 2.07, 'category': 'Arroz, pasta y legumbres', 'store_id': 'condisline', 'quantity': '4,14€/Kilo', 'id': '9e9081d7-9683-4006-8579-96b39af5ef23', 'created_at': '2025-05-19T11:35:46.469518'}] count=None
[2025-05-19 14:35:44] ✅ Successfully inserted: ALUBIAS LUENGO BLANCAS 500 G
[2025-05-19 14:35:44] Attempting to insert product: {'name': 'PASTA GALLO TIBURÓN SIN GLUTEN 450 G', 'price': 2.49, 'category': 'Arroz, pasta y legumbres', 'store_id': 'condisline', 'quantity': '5,53€/Kilo'}
[2025-05-19 14:35:44] Supabase Response: data=[{'name': 'PASTA GALLO TIBURÓN SIN GLUTEN 450 G', 'price': 2.49, 'category': 'Arroz, pasta y legumbres', 'store_id': 'condisline', 'quantity': '5,53€/Kilo', 'id': 'a3479d16-24c9-4b55-8e8b-4faeecc9dc99', 'created_at': '2025-05-19T11:35:46.708442'}] count=None
[2025-05-19 14:35:44] ✅ Successfully inserted: PASTA GALLO TIBURÓN SIN GLUTEN 450 G
[2025-05-19 14:35:44] Attempting to insert product: {'name': 'ESPAGUETIS CASA AMELLA INTEGRALES ESPELTA 250 G', 'price': 2.99, 'category': 'Arroz, pasta y legumbres', 'store_id': 'condisline', 'quantity': '11,96€/Kilo'}
[2025-05-19 14:35:45] Supabase Response: data=[{'name': 'ESPAGUETIS CASA AMELLA INTEGRALES ESPELTA 250 G', 'price': 2.99, 'category': 'Arroz, pasta y legumbres', 'store_id': 'condisline', 'quantity': '11,96€/Kilo', 'id': 'f9224a30-8705-4936-a8f9-3470811c3581', 'created_at': '2025-05-19T11:35:46.940116'}] count=None
[2025-05-19 14:35:45] ✅ Successfully inserted: ESPAGUETIS CASA AMELLA INTEGRALES ESPELTA 250 G
[2025-05-19 14:35:45] Attempting to insert product: {'name': 'ESPIRALES CASA AMELLA INTEGRALES ESPELTA 250 G', 'price': 2.99, 'category': 'Arroz, pasta y legumbres', 'store_id': 'condisline', 'quantity': '11,96€/Kilo'}
[2025-05-19 14:35:45] Supabase Response: data=[{'name': 'ESPIRALES CASA AMELLA INTEGRALES ESPELTA 250 G', 'price': 2.99, 'category': 'Arroz, pasta y legumbres', 'store_id': 'condisline', 'quantity': '11,96€/Kilo', 'id': 'd5cba899-31b1-44d3-93cf-ea303cbea9b5', 'created_at': '2025-05-19T11:35:47.221753'}] count=None
[2025-05-19 14:35:45] ✅ Successfully inserted: ESPIRALES CASA AMELLA INTEGRALES ESPELTA 250 G
[2025-05-19 14:35:45] Attempting to insert product: {'name': 'ALUBIAS LUENGO BLANCAS 1 KG', 'price': 3.91, 'category': 'Arroz, pasta y legumbres', 'store_id': 'condisline', 'quantity': '3,91€/Kilo'}
[2025-05-19 14:35:45] Supabase Response: data=[{'name': 'ALUBIAS LUENGO BLANCAS 1 KG', 'price': 3.91, 'category': 'Arroz, pasta y legumbres', 'store_id': 'condisline', 'quantity': '3,91€/Kilo', 'id': '6ab23980-40bf-49fc-9eba-813f998ea0a8', 'created_at': '2025-05-19T11:35:47.477124'}] count=None
[2025-05-19 14:35:45] ✅ Successfully inserted: ALUBIAS LUENGO BLANCAS 1 KG
[2025-05-19 14:35:45] Attempting to insert product: {'name': 'SEMOLA NOMEN ARROZ 500 G', 'price': 1.29, 'category': 'Arroz, pasta y legumbres', 'store_id': 'condisline', 'quantity': '2,58€/Kilo'}
[2025-05-19 14:35:45] Supabase Response: data=[{'name': 'SEMOLA NOMEN ARROZ 500 G', 'price': 1.29, 'category': 'Arroz, pasta y legumbres', 'store_id': 'condisline', 'quantity': '2,58€/Kilo', 'id': '9b756dd2-9cf0-400d-9f67-ef8807083030', 'created_at': '2025-05-19T11:35:47.71596'}] count=None
[2025-05-19 14:35:45] ✅ Successfully inserted: SEMOLA NOMEN ARROZ 500 G
[2025-05-19 14:35:45] Attempting to insert product: {'name': 'JUDIA  ECO 500 G', 'price': 9.79, 'category': 'Arroz, pasta y legumbres', 'store_id': 'condisline', 'quantity': '19,58€/Kilo'}
[2025-05-19 14:35:46] Supabase Response: data=[{'name': 'JUDIA  ECO 500 G', 'price': 9.79, 'category': 'Arroz, pasta y legumbres', 'store_id': 'condisline', 'quantity': '19,58€/Kilo', 'id': 'db2d1084-f110-4afc-b867-2a25000dfe10', 'created_at': '2025-05-19T11:35:48.014044'}] count=None
[2025-05-19 14:35:46] ✅ Successfully inserted: JUDIA  ECO 500 G
[2025-05-19 14:35:46] Attempting to insert product: {'name': 'SEMILLAS SOL NATURAL LINO DORADO ECO 500 G', 'price': 3.75, 'category': 'Arroz, pasta y legumbres', 'store_id': 'condisline', 'quantity': '7,50€/Kilo'}
[2025-05-19 14:35:46] Supabase Response: data=[{'name': 'SEMILLAS SOL NATURAL LINO DORADO ECO 500 G', 'price': 3.75, 'category': 'Arroz, pasta y legumbres', 'store_id': 'condisline', 'quantity': '7,50€/Kilo', 'id': '14ad54fa-7908-448f-a76a-822a09ea2828', 'created_at': '2025-05-19T11:35:48.265932'}] count=None
[2025-05-19 14:35:46] ✅ Successfully inserted: SEMILLAS SOL NATURAL LINO DORADO ECO 500 G
[2025-05-19 14:35:46] Attempting to insert product: {'name': 'SEMILLAS SOL NATURA CHIA ECOLOGICA 250 G', 'price': 4.45, 'category': 'Arroz, pasta y legumbres', 'store_id': 'condisline', 'quantity': '17,80€/Kilo'}
[2025-05-19 14:35:46] Supabase Response: data=[{'name': 'SEMILLAS SOL NATURA CHIA ECOLOGICA 250 G', 'price': 4.45, 'category': 'Arroz, pasta y legumbres', 'store_id': 'condisline', 'quantity': '17,80€/Kilo', 'id': '2e8a702d-9e78-4b7d-9d17-5c4b239ce80d', 'created_at': '2025-05-19T11:35:48.492156'}] count=None
[2025-05-19 14:35:46] ✅ Successfully inserted: SEMILLAS SOL NATURA CHIA ECOLOGICA 250 G
[2025-05-19 14:35:46] Attempting to insert product: {'name': 'ALUBIA LUENGO NEGRITA 500 G', 'price': 1.56, 'category': 'Arroz, pasta y legumbres', 'store_id': 'condisline', 'quantity': '3,12€/Kilo'}
[2025-05-19 14:35:46] Supabase Response: data=[{'name': 'ALUBIA LUENGO NEGRITA 500 G', 'price': 1.56, 'category': 'Arroz, pasta y legumbres', 'store_id': 'condisline', 'quantity': '3,12€/Kilo', 'id': '319aa12d-6922-4696-b6f0-977de560292d', 'created_at': '2025-05-19T11:35:48.750262'}] count=None
[2025-05-19 14:35:46] ✅ Successfully inserted: ALUBIA LUENGO NEGRITA 500 G
[2025-05-19 14:35:46] Attempting to insert product: {'name': 'GARBANZOS  ECO 500 G', 'price': 4.35, 'category': 'Arroz, pasta y legumbres', 'store_id': 'condisline', 'quantity': '8,70€/Kilo'}
[2025-05-19 14:35:47] Supabase Response: data=[{'name': 'GARBANZOS  ECO 500 G', 'price': 4.35, 'category': 'Arroz, pasta y legumbres', 'store_id': 'condisline', 'quantity': '8,70€/Kilo', 'id': 'ea3200ef-5ec0-40d6-ae4e-b85d7f77cf0c', 'created_at': '2025-05-19T11:35:48.967334'}] count=None
[2025-05-19 14:35:47] ✅ Successfully inserted: GARBANZOS  ECO 500 G
[2025-05-19 14:35:47] Attempting to insert product: {'name': 'PASTA GALLO MARVEL SPIDERMAN 300 G', 'price': 2.2, 'category': 'Arroz, pasta y legumbres', 'store_id': 'condisline', 'quantity': '7,33€/Kilo'}
[2025-05-19 14:35:47] Supabase Response: data=[{'name': 'PASTA GALLO MARVEL SPIDERMAN 300 G', 'price': 2.2, 'category': 'Arroz, pasta y legumbres', 'store_id': 'condisline', 'quantity': '7,33€/Kilo', 'id': 'a4fa26cb-ca28-458d-9071-eaf5ea78b7ec', 'created_at': '2025-05-19T11:35:49.238774'}] count=None
[2025-05-19 14:35:47] ✅ Successfully inserted: PASTA GALLO MARVEL SPIDERMAN 300 G
[2025-05-19 14:35:47] Attempting to insert product: {'name': 'ESPIRALES CONDIS ECO VEGETALES 500 G', 'price': 2.59, 'category': 'Arroz, pasta y legumbres', 'store_id': 'condisline', 'quantity': '5,18€/Kilo'}
[2025-05-19 14:35:47] Supabase Response: data=[{'name': 'ESPIRALES CONDIS ECO VEGETALES 500 G', 'price': 2.59, 'category': 'Arroz, pasta y legumbres', 'store_id': 'condisline', 'quantity': '5,18€/Kilo', 'id': '34f1b8a7-fb7f-45b2-8a5d-5d4e3e2e41ba', 'created_at': '2025-05-19T11:35:49.469078'}] count=None
[2025-05-19 14:35:47] ✅ Successfully inserted: ESPIRALES CONDIS ECO VEGETALES 500 G
[2025-05-19 14:35:47] Attempting to insert product: {'name': 'FIDEOS CONDIS ECO Nº 0 500 G', 'price': 2.59, 'category': 'Arroz, pasta y legumbres', 'store_id': 'condisline', 'quantity': '5,18€/Kilo'}
[2025-05-19 14:35:47] Supabase Response: data=[{'name': 'FIDEOS CONDIS ECO Nº 0 500 G', 'price': 2.59, 'category': 'Arroz, pasta y legumbres', 'store_id': 'condisline', 'quantity': '5,18€/Kilo', 'id': '889805b8-2296-475c-9fd3-b1d0122b0f93', 'created_at': '2025-05-19T11:35:49.775774'}] count=None
[2025-05-19 14:35:47] ✅ Successfully inserted: FIDEOS CONDIS ECO Nº 0 500 G
[2025-05-19 14:35:47] Attempting to insert product: {'name': 'QUINOA SOL NATURA ECOLOGICA 500 G', 'price': 5.71, 'category': 'Arroz, pasta y legumbres', 'store_id': 'condisline', 'quantity': '11,42€/Kilo'}
[2025-05-19 14:35:48] Supabase Response: data=[{'name': 'QUINOA SOL NATURA ECOLOGICA 500 G', 'price': 5.71, 'category': 'Arroz, pasta y legumbres', 'store_id': 'condisline', 'quantity': '11,42€/Kilo', 'id': 'dcda1bff-cec6-428b-a717-2912a773422f', 'created_at': '2025-05-19T11:35:50.040265'}] count=None
[2025-05-19 14:35:48] ✅ Successfully inserted: QUINOA SOL NATURA ECOLOGICA 500 G
[2025-05-19 14:35:48] Attempting to insert product: {'name': 'ARROZ SEO FOOD BLANCO ECOLOG 1 KG', 'price': 6.75, 'category': 'Arroz, pasta y legumbres', 'store_id': 'condisline', 'quantity': '6,75€/Kilo'}
[2025-05-19 14:35:48] Supabase Response: data=[{'name': 'ARROZ SEO FOOD BLANCO ECOLOG 1 KG', 'price': 6.75, 'category': 'Arroz, pasta y legumbres', 'store_id': 'condisline', 'quantity': '6,75€/Kilo', 'id': 'bf5954c4-e129-4c40-8ce7-eed6206a08a1', 'created_at': '2025-05-19T11:35:50.43721'}] count=None
[2025-05-19 14:35:48] ✅ Successfully inserted: ARROZ SEO FOOD BLANCO ECOLOG 1 KG
[2025-05-19 14:35:58] Attempting to insert product: {'name': 'MASA PIZZA BUITONI FINISSIMA MAXI 350 G', 'price': 2.79, 'category': 'Panes, harinas y masas', 'store_id': 'condisline', 'quantity': '7,97€/Kilo'}
[2025-05-19 14:35:58] Supabase Response: data=[{'name': 'MASA PIZZA BUITONI FINISSIMA MAXI 350 G', 'price': 2.79, 'category': 'Panes, harinas y masas', 'store_id': 'condisline', 'quantity': '7,97€/Kilo', 'id': 'bd84de8e-3167-4244-b3e4-d3f721250107', 'created_at': '2025-05-19T11:36:00.467551'}] count=None
[2025-05-19 14:35:58] ✅ Successfully inserted: MASA PIZZA BUITONI FINISSIMA MAXI 350 G
[2025-05-19 14:35:58] Attempting to insert product: {'name': 'BASES BRISA BUITONI 230 G', 'price': 2.35, 'category': 'Panes, harinas y masas', 'store_id': 'condisline', 'quantity': '10,22€/Kilo'}
[2025-05-19 14:35:58] Supabase Response: data=[{'name': 'BASES BRISA BUITONI 230 G', 'price': 2.35, 'category': 'Panes, harinas y masas', 'store_id': 'condisline', 'quantity': '10,22€/Kilo', 'id': '926a9d20-26d5-4ea3-ba61-70e702ed0c4a', 'created_at': '2025-05-19T11:36:00.711992'}] count=None
[2025-05-19 14:35:58] ✅ Successfully inserted: BASES BRISA BUITONI 230 G
[2025-05-19 14:35:58] Attempting to insert product: {'name': 'PAN MOLDE BIMBO SIN CORTEZA 450 G', 'price': 1.99, 'category': 'Panes, harinas y masas', 'store_id': 'condisline', 'quantity': '4,42€/Kilo'}
[2025-05-19 14:35:59] Supabase Response: data=[{'name': 'PAN MOLDE BIMBO SIN CORTEZA 450 G', 'price': 1.99, 'category': 'Panes, harinas y masas', 'store_id': 'condisline', 'quantity': '4,42€/Kilo', 'id': '24db39d4-4bbd-468d-acbe-804fdd1bdcf5', 'created_at': '2025-05-19T11:36:00.942646'}] count=None
[2025-05-19 14:35:59] ✅ Successfully inserted: PAN MOLDE BIMBO SIN CORTEZA 450 G
[2025-05-19 14:35:59] Attempting to insert product: {'name': 'PAN DE MOLDE BIMBO SIN CORTEZA 100% NATURAL 450 G', 'price': 2.39, 'category': 'Panes, harinas y masas', 'store_id': 'condisline', 'quantity': '5,31€/Kilo'}
[2025-05-19 14:35:59] Supabase Response: data=[{'name': 'PAN DE MOLDE BIMBO SIN CORTEZA 100% NATURAL 450 G', 'price': 2.39, 'category': 'Panes, harinas y masas', 'store_id': 'condisline', 'quantity': '5,31€/Kilo', 'id': 'a91c3c6f-bb1c-4dbe-9eb8-d11c565f3275', 'created_at': '2025-05-19T11:36:01.165642'}] count=None
[2025-05-19 14:35:59] ✅ Successfully inserted: PAN DE MOLDE BIMBO SIN CORTEZA 100% NATURAL 450 G
[2025-05-19 14:35:59] Attempting to insert product: {'name': 'PAN MOLDE BIMBO SILUETA SIN CORTEZA 8 CEREALES 450 G', 'price': 2.15, 'category': 'Panes, harinas y masas', 'store_id': 'condisline', 'quantity': '4,78€/Kilo'}
[2025-05-19 14:35:59] Supabase Response: data=[{'name': 'PAN MOLDE BIMBO SILUETA SIN CORTEZA 8 CEREALES 450 G', 'price': 2.15, 'category': 'Panes, harinas y masas', 'store_id': 'condisline', 'quantity': '4,78€/Kilo', 'id': 'a28b69cd-9a63-4fcd-a626-adc260715874', 'created_at': '2025-05-19T11:36:01.40205'}] count=None
[2025-05-19 14:35:59] ✅ Successfully inserted: PAN MOLDE BIMBO SILUETA SIN CORTEZA 8 CEREALES 450 G
[2025-05-19 14:35:59] Attempting to insert product: {'name': 'PAN DE MOLDE BIMBO FAMILIAR 26 REBANADAS 700 G', 'price': 2.29, 'category': 'Panes, harinas y masas', 'store_id': 'condisline', 'quantity': '3,27€/Kilo'}
[2025-05-19 14:35:59] Supabase Response: data=[{'name': 'PAN DE MOLDE BIMBO FAMILIAR 26 REBANADAS 700 G', 'price': 2.29, 'category': 'Panes, harinas y masas', 'store_id': 'condisline', 'quantity': '3,27€/Kilo', 'id': '7f86595c-8ed7-4fb4-82e1-8bf3ccb418a5', 'created_at': '2025-05-19T11:36:01.66513'}] count=None
[2025-05-19 14:35:59] ✅ Successfully inserted: PAN DE MOLDE BIMBO FAMILIAR 26 REBANADAS 700 G
[2025-05-19 14:35:59] Attempting to insert product: {'name': 'PAN MOLDE CONDIS SIN CORTEZA 450 G', 'price': 1.17, 'category': 'Panes, harinas y masas', 'store_id': 'condisline', 'quantity': '2,60€/Kilo'}
[2025-05-19 14:36:00] Supabase Response: data=[{'name': 'PAN MOLDE CONDIS SIN CORTEZA 450 G', 'price': 1.17, 'category': 'Panes, harinas y masas', 'store_id': 'condisline', 'quantity': '2,60€/Kilo', 'id': 'baac645f-b6a2-4198-845b-2c0937a9216e', 'created_at': '2025-05-19T11:36:01.933667'}] count=None
[2025-05-19 14:36:00] ✅ Successfully inserted: PAN MOLDE CONDIS SIN CORTEZA 450 G
[2025-05-19 14:36:00] Attempting to insert product: {'name': 'PAN TOSTADO CONDIS TRADICIONAL 30 UNIDADES 270 G', 'price': 1.09, 'category': 'Panes, harinas y masas', 'store_id': 'condisline', 'quantity': '4,04€/Kilo'}
[2025-05-19 14:36:00] Supabase Response: data=[{'name': 'PAN TOSTADO CONDIS TRADICIONAL 30 UNIDADES 270 G', 'price': 1.09, 'category': 'Panes, harinas y masas', 'store_id': 'condisline', 'quantity': '4,04€/Kilo', 'id': 'b5521f8d-6679-41d4-8368-6362414d1afc', 'created_at': '2025-05-19T11:36:02.154779'}] count=None
[2025-05-19 14:36:00] ✅ Successfully inserted: PAN TOSTADO CONDIS TRADICIONAL 30 UNIDADES 270 G
[2025-05-19 14:36:00] Attempting to insert product: {'name': "PALITOS SNATT'S PIPAS 62 G", 'price': 1.12, 'category': 'Panes, harinas y masas', 'store_id': 'condisline', 'quantity': '18,06€/Kilo'}
[2025-05-19 14:36:00] Supabase Response: data=[{'name': "PALITOS SNATT'S PIPAS 62 G", 'price': 1.12, 'category': 'Panes, harinas y masas', 'store_id': 'condisline', 'quantity': '18,06€/Kilo', 'id': '1f31382e-fa9c-45f1-8f89-8ef04f65554f', 'created_at': '2025-05-19T11:36:02.381752'}] count=None
[2025-05-19 14:36:00] ✅ Successfully inserted: PALITOS SNATT'S PIPAS 62 G
[2025-05-19 14:36:00] Attempting to insert product: {'name': 'RUSTIK BAKERY HOGAZA MASA MADRE 400 G', 'price': 2.73, 'category': 'Panes, harinas y masas', 'store_id': 'condisline', 'quantity': '6,83€/Kilo'}
[2025-05-19 14:36:00] Supabase Response: data=[{'name': 'RUSTIK BAKERY HOGAZA MASA MADRE 400 G', 'price': 2.73, 'category': 'Panes, harinas y masas', 'store_id': 'condisline', 'quantity': '6,83€/Kilo', 'id': '304250cd-8cca-45d8-8d8d-4d8203a543e0', 'created_at': '2025-05-19T11:36:02.60553'}] count=None
[2025-05-19 14:36:00] ✅ Successfully inserted: RUSTIK BAKERY HOGAZA MASA MADRE 400 G
[2025-05-19 14:36:00] Attempting to insert product: {'name': 'PAN CONDIS RALLADO 500 G', 'price': 0.63, 'category': 'Panes, harinas y masas', 'store_id': 'condisline', 'quantity': '1,26€/Kilo'}
[2025-05-19 14:36:01] Supabase Response: data=[{'name': 'PAN CONDIS RALLADO 500 G', 'price': 0.63, 'category': 'Panes, harinas y masas', 'store_id': 'condisline', 'quantity': '1,26€/Kilo', 'id': '11305ea8-026d-4426-913e-24efbf1e524a', 'created_at': '2025-05-19T11:36:02.845855'}] count=None
[2025-05-19 14:36:01] ✅ Successfully inserted: PAN CONDIS RALLADO 500 G
[2025-05-19 14:36:01] Attempting to insert product: {'name': 'PAN TOSTADO CONDIS INTEGRAL 30 UNIDADES 270 G', 'price': 1.09, 'category': 'Panes, harinas y masas', 'store_id': 'condisline', 'quantity': '4,04€/Kilo'}
[2025-05-19 14:36:01] Supabase Response: data=[{'name': 'PAN TOSTADO CONDIS INTEGRAL 30 UNIDADES 270 G', 'price': 1.09, 'category': 'Panes, harinas y masas', 'store_id': 'condisline', 'quantity': '4,04€/Kilo', 'id': 'e37443a3-96cc-4a16-a6fc-57c9d1bd1783', 'created_at': '2025-05-19T11:36:03.058305'}] count=None
[2025-05-19 14:36:01] ✅ Successfully inserted: PAN TOSTADO CONDIS INTEGRAL 30 UNIDADES 270 G
[2025-05-19 14:36:01] Attempting to insert product: {'name': 'PAN BIMBO REBANADA ARTESANO 500 G', 'price': 2.72, 'category': 'Panes, harinas y masas', 'store_id': 'condisline', 'quantity': '5,44€/Kilo'}
[2025-05-19 14:36:01] Supabase Response: data=[{'name': 'PAN BIMBO REBANADA ARTESANO 500 G', 'price': 2.72, 'category': 'Panes, harinas y masas', 'store_id': 'condisline', 'quantity': '5,44€/Kilo', 'id': '563aa502-68d4-4689-84d9-286d6854c58b', 'created_at': '2025-05-19T11:36:03.285285'}] count=None
[2025-05-19 14:36:01] ✅ Successfully inserted: PAN BIMBO REBANADA ARTESANO 500 G
[2025-05-19 14:36:01] Attempting to insert product: {'name': 'CHAPATA RECONDO REBANADAS 180 G', 'price': 2.44, 'category': 'Panes, harinas y masas', 'store_id': 'condisline', 'quantity': '13,56€/Kilo'}
[2025-05-19 14:36:01] Supabase Response: data=[{'name': 'CHAPATA RECONDO REBANADAS 180 G', 'price': 2.44, 'category': 'Panes, harinas y masas', 'store_id': 'condisline', 'quantity': '13,56€/Kilo', 'id': 'c063263b-3340-49a8-a9f6-57ac37249dce', 'created_at': '2025-05-19T11:36:03.498786'}] count=None
[2025-05-19 14:36:01] ✅ Successfully inserted: CHAPATA RECONDO REBANADAS 180 G
[2025-05-19 14:36:01] Attempting to insert product: {'name': 'PAN MOLDE CONDIS INTEGRAL 460 G', 'price': 0.9, 'category': 'Panes, harinas y masas', 'store_id': 'condisline', 'quantity': '1,96€/Kilo'}
[2025-05-19 14:36:01] Supabase Response: data=[{'name': 'PAN MOLDE CONDIS INTEGRAL 460 G', 'price': 0.9, 'category': 'Panes, harinas y masas', 'store_id': 'condisline', 'quantity': '1,96€/Kilo', 'id': '2ba93491-d3de-493c-a905-01942d5d2015', 'created_at': '2025-05-19T11:36:03.721036'}] count=None
[2025-05-19 14:36:01] ✅ Successfully inserted: PAN MOLDE CONDIS INTEGRAL 460 G
[2025-05-19 14:36:01] Attempting to insert product: {'name': 'ARTESANITOS LA RÚSTICA GOURMET 200 G', 'price': 1.89, 'category': 'Panes, harinas y masas', 'store_id': 'condisline', 'quantity': '9,45€/Kilo'}
[2025-05-19 14:36:02] Supabase Response: data=[{'name': 'ARTESANITOS LA RÚSTICA GOURMET 200 G', 'price': 1.89, 'category': 'Panes, harinas y masas', 'store_id': 'condisline', 'quantity': '9,45€/Kilo', 'id': '42d227ff-5826-4bcb-8b31-2c90994d801a', 'created_at': '2025-05-19T11:36:03.940805'}] count=None
[2025-05-19 14:36:02] ✅ Successfully inserted: ARTESANITOS LA RÚSTICA GOURMET 200 G
[2025-05-19 14:36:02] Attempting to insert product: {'name': 'PICATOSTES RECONDO NATURAL 80 G', 'price': 1.4, 'category': 'Panes, harinas y masas', 'store_id': 'condisline', 'quantity': '17,50€/Kilo'}
[2025-05-19 14:36:02] Supabase Response: data=[{'name': 'PICATOSTES RECONDO NATURAL 80 G', 'price': 1.4, 'category': 'Panes, harinas y masas', 'store_id': 'condisline', 'quantity': '17,50€/Kilo', 'id': '6b9f225a-101a-4ea3-82ab-cf7651293adc', 'created_at': '2025-05-19T11:36:04.227596'}] count=None
[2025-05-19 14:36:02] ✅ Successfully inserted: PICATOSTES RECONDO NATURAL 80 G
[2025-05-19 14:36:02] Attempting to insert product: {'name': 'PAN MOLDE CONDIS BLANCO 460 G', 'price': 0.9, 'category': 'Panes, harinas y masas', 'store_id': 'condisline', 'quantity': '1,96€/Kilo'}
[2025-05-19 14:36:02] Supabase Response: data=[{'name': 'PAN MOLDE CONDIS BLANCO 460 G', 'price': 0.9, 'category': 'Panes, harinas y masas', 'store_id': 'condisline', 'quantity': '1,96€/Kilo', 'id': 'bdae99e2-5988-428c-841e-258820db2028', 'created_at': '2025-05-19T11:36:04.515154'}] count=None
[2025-05-19 14:36:02] ✅ Successfully inserted: PAN MOLDE CONDIS BLANCO 460 G
[2025-05-19 14:36:02] Attempting to insert product: {'name': 'HARINA TRIGO GALLO EXTRA 1 KG', 'price': 1.45, 'category': 'Panes, harinas y masas', 'store_id': 'condisline', 'quantity': '1,45€/Kilo'}
[2025-05-19 14:36:02] Supabase Response: data=[{'name': 'HARINA TRIGO GALLO EXTRA 1 KG', 'price': 1.45, 'category': 'Panes, harinas y masas', 'store_id': 'condisline', 'quantity': '1,45€/Kilo', 'id': '174401a6-d623-46c7-ae5b-c49f0a86b116', 'created_at': '2025-05-19T11:36:04.757677'}] count=None
[2025-05-19 14:36:02] ✅ Successfully inserted: HARINA TRIGO GALLO EXTRA 1 KG
[2025-05-19 14:36:02] Attempting to insert product: {'name': 'PANECILLOS QUELY QUELITAS 200 G', 'price': 1.59, 'category': 'Panes, harinas y masas', 'store_id': 'condisline', 'quantity': '7,95€/Kilo'}
[2025-05-19 14:36:03] Supabase Response: data=[{'name': 'PANECILLOS QUELY QUELITAS 200 G', 'price': 1.59, 'category': 'Panes, harinas y masas', 'store_id': 'condisline', 'quantity': '7,95€/Kilo', 'id': '4d78fa63-47b4-4e27-a395-5894fbe29bde', 'created_at': '2025-05-19T11:36:05.000831'}] count=None
[2025-05-19 14:36:03] ✅ Successfully inserted: PANECILLOS QUELY QUELITAS 200 G
[2025-05-19 14:36:03] Attempting to insert product: {'name': 'PAN SAINT HONO CRISTALINO 200 G', 'price': 2.35, 'category': 'Panes, harinas y masas', 'store_id': 'condisline', 'quantity': '11,75€/Kilo'}
[2025-05-19 14:36:03] Supabase Response: data=[{'name': 'PAN SAINT HONO CRISTALINO 200 G', 'price': 2.35, 'category': 'Panes, harinas y masas', 'store_id': 'condisline', 'quantity': '11,75€/Kilo', 'id': '31279ce1-e1e8-46d8-9346-04efbcb0aae2', 'created_at': '2025-05-19T11:36:05.339429'}] count=None
[2025-05-19 14:37:05] ✅ Successfully inserted: PAN SAINT HONO CRISTALINO 200 G
[2025-05-19 14:37:28] Attempting to insert product: {'name': 'ACEITE DE OLIVA BORGES GUSTO SUAVE 1 L', 'price': 6.99, 'category': 'Aceite y vinagre', 'store_id': 'condisline', 'quantity': '6,99€/Litro'}
[2025-05-19 14:37:29] Supabase Response: data=[{'name': 'ACEITE DE OLIVA BORGES GUSTO SUAVE 1 L', 'price': 6.99, 'category': 'Aceite y vinagre', 'store_id': 'condisline', 'quantity': '6,99€/Litro', 'id': 'bc0b0f36-a3f9-4e4d-a17e-055bae7b7289', 'created_at': '2025-05-19T11:37:31.220509'}] count=None
[2025-05-19 14:37:29] ✅ Successfully inserted: ACEITE DE OLIVA BORGES GUSTO SUAVE 1 L
[2025-05-19 14:37:29] Attempting to insert product: {'name': 'ACEITE DE OLIVA BORGES VIRGEN EXTRA 1 L', 'price': 8.99, 'category': 'Aceite y vinagre', 'store_id': 'condisline', 'quantity': '8,99€/Litro'}
[2025-05-19 14:37:29] Supabase Response: data=[{'name': 'ACEITE DE OLIVA BORGES VIRGEN EXTRA 1 L', 'price': 8.99, 'category': 'Aceite y vinagre', 'store_id': 'condisline', 'quantity': '8,99€/Litro', 'id': '812f6b85-9aca-42e9-beaf-10bf99eb6b17', 'created_at': '2025-05-19T11:37:31.444215'}] count=None
[2025-05-19 14:37:29] ✅ Successfully inserted: ACEITE DE OLIVA BORGES VIRGEN EXTRA 1 L
[2025-05-19 14:37:29] Attempting to insert product: {'name': 'VINAGRE BORGES MÓDENA 250 ML', 'price': 2.39, 'category': 'Aceite y vinagre', 'store_id': 'condisline', 'quantity': '9,56€/Litro'}
[2025-05-19 14:37:29] Supabase Response: data=[{'name': 'VINAGRE BORGES MÓDENA 250 ML', 'price': 2.39, 'category': 'Aceite y vinagre', 'store_id': 'condisline', 'quantity': '9,56€/Litro', 'id': '936627b1-d78f-40d7-a95d-79f863118880', 'created_at': '2025-05-19T11:37:31.660668'}] count=None
[2025-05-19 14:37:29] ✅ Successfully inserted: VINAGRE BORGES MÓDENA 250 ML
[2025-05-19 14:37:29] Attempting to insert product: {'name': 'ACEITE DE OLIVA BORGES GUSTO INTENSO 1 L', 'price': 6.99, 'category': 'Aceite y vinagre', 'store_id': 'condisline', 'quantity': '6,99€/Litro'}
[2025-05-19 14:37:30] Supabase Response: data=[{'name': 'ACEITE DE OLIVA BORGES GUSTO INTENSO 1 L', 'price': 6.99, 'category': 'Aceite y vinagre', 'store_id': 'condisline', 'quantity': '6,99€/Litro', 'id': 'c105e59e-83f2-4bc3-a024-a3bafd20a409', 'created_at': '2025-05-19T11:37:31.873593'}] count=None
[2025-05-19 14:37:30] ✅ Successfully inserted: ACEITE DE OLIVA BORGES GUSTO INTENSO 1 L
[2025-05-19 14:37:30] Attempting to insert product: {'name': 'ACEITE VIRGEN EXTRA EL TROS ESENCIA TRUFA 250 ML', 'price': 3.75, 'category': 'Aceite y vinagre', 'store_id': 'condisline', 'quantity': '15,00€/Litro'}
[2025-05-19 14:37:30] Supabase Response: data=[{'name': 'ACEITE VIRGEN EXTRA EL TROS ESENCIA TRUFA 250 ML', 'price': 3.75, 'category': 'Aceite y vinagre', 'store_id': 'condisline', 'quantity': '15,00€/Litro', 'id': 'b6a7cecd-ddbe-498a-a452-e2da492e0b18', 'created_at': '2025-05-19T11:37:32.194133'}] count=None
[2025-05-19 14:37:30] ✅ Successfully inserted: ACEITE VIRGEN EXTRA EL TROS ESENCIA TRUFA 250 ML
[2025-05-19 14:37:30] Attempting to insert product: {'name': 'ACEITE EL TROS FUSSION PIZZAS 250 ML', 'price': 3.75, 'category': 'Aceite y vinagre', 'store_id': 'condisline', 'quantity': '15,00€/Litro'}
[2025-05-19 14:37:30] Supabase Response: data=[{'name': 'ACEITE EL TROS FUSSION PIZZAS 250 ML', 'price': 3.75, 'category': 'Aceite y vinagre', 'store_id': 'condisline', 'quantity': '15,00€/Litro', 'id': 'b9c95d9d-f96b-4f3b-a3e1-2f464a487a61', 'created_at': '2025-05-19T11:37:32.58144'}] count=None
[2025-05-19 14:37:30] ✅ Successfully inserted: ACEITE EL TROS FUSSION PIZZAS 250 ML
[2025-05-19 14:37:30] Attempting to insert product: {'name': 'ACEITE VIRGEN EXTRA EL TROS ARBEQUINA 2 L', 'price': 15.45, 'category': 'Aceite y vinagre', 'store_id': 'condisline', 'quantity': '7,73€/Litro'}
[2025-05-19 14:37:31] Supabase Response: data=[{'name': 'ACEITE VIRGEN EXTRA EL TROS ARBEQUINA 2 L', 'price': 15.45, 'category': 'Aceite y vinagre', 'store_id': 'condisline', 'quantity': '7,73€/Litro', 'id': 'ec5ab7a6-412d-42c5-a71c-147e367c5183', 'created_at': '2025-05-19T11:37:32.837634'}] count=None
[2025-05-19 14:37:31] ✅ Successfully inserted: ACEITE VIRGEN EXTRA EL TROS ARBEQUINA 2 L
[2025-05-19 14:37:31] Attempting to insert product: {'name': 'ACEITE DE OLIVA GERMANOR VIRGEN EXTRA ARBEQUINA 750 ML', 'price': 7.99, 'category': 'Aceite y vinagre', 'store_id': 'condisline', 'quantity': '10,65€/Litro'}
[2025-05-19 14:37:31] Supabase Response: data=[{'name': 'ACEITE DE OLIVA GERMANOR VIRGEN EXTRA ARBEQUINA 750 ML', 'price': 7.99, 'category': 'Aceite y vinagre', 'store_id': 'condisline', 'quantity': '10,65€/Litro', 'id': 'ca653b3e-3294-4c3b-a3d9-b846a16905fd', 'created_at': '2025-05-19T11:37:33.192243'}] count=None
[2025-05-19 14:37:31] ✅ Successfully inserted: ACEITE DE OLIVA GERMANOR VIRGEN EXTRA ARBEQUINA 750 ML
[2025-05-19 14:37:31] Attempting to insert product: {'name': 'ACEITE DE OLIVA MANOLETE AFRUTADO 2 L', 'price': 11.19, 'category': 'Aceite y vinagre', 'store_id': 'condisline', 'quantity': '5,60€/Litro'}
[2025-05-19 14:37:31] Supabase Response: data=[{'name': 'ACEITE DE OLIVA MANOLETE AFRUTADO 2 L', 'price': 11.19, 'category': 'Aceite y vinagre', 'store_id': 'condisline', 'quantity': '5,60€/Litro', 'id': '70c2967d-55e8-42bd-8ab5-e7c27232111f', 'created_at': '2025-05-19T11:37:33.495488'}] count=None
[2025-05-19 14:37:31] ✅ Successfully inserted: ACEITE DE OLIVA MANOLETE AFRUTADO 2 L
[2025-05-19 14:37:31] Attempting to insert product: {'name': 'ACEITE DE OLIVA CONDIS SUAVE 1 L', 'price': 4.2, 'category': 'Aceite y vinagre', 'store_id': 'condisline', 'quantity': '4,20€/Litro'}
[2025-05-19 14:37:31] Supabase Response: data=[{'name': 'ACEITE DE OLIVA CONDIS SUAVE 1 L', 'price': 4.2, 'category': 'Aceite y vinagre', 'store_id': 'condisline', 'quantity': '4,20€/Litro', 'id': 'f532d5b3-7b3b-4b7c-b766-6445340df5fa', 'created_at': '2025-05-19T11:37:33.729247'}] count=None
[2025-05-19 14:37:31] ✅ Successfully inserted: ACEITE DE OLIVA CONDIS SUAVE 1 L
[2025-05-19 14:37:31] Attempting to insert product: {'name': 'ACEITE DE OLIVA CONDIS INTENSO 1 L', 'price': 4.2, 'category': 'Aceite y vinagre', 'store_id': 'condisline', 'quantity': '4,20€/Litro'}
[2025-05-19 14:37:32] Supabase Response: data=[{'name': 'ACEITE DE OLIVA CONDIS INTENSO 1 L', 'price': 4.2, 'category': 'Aceite y vinagre', 'store_id': 'condisline', 'quantity': '4,20€/Litro', 'id': '07f06ea4-05f2-4710-809a-43f30dbccdb8', 'created_at': '2025-05-19T11:37:33.983721'}] count=None
[2025-05-19 14:37:32] ✅ Successfully inserted: ACEITE DE OLIVA CONDIS INTENSO 1 L
[2025-05-19 14:37:32] Attempting to insert product: {'name': 'ACEITE CONDIS GIRASOL 1 L', 'price': 1.8, 'category': 'Aceite y vinagre', 'store_id': 'condisline', 'quantity': '1,80€/Litro'}
[2025-05-19 14:37:32] Supabase Response: data=[{'name': 'ACEITE CONDIS GIRASOL 1 L', 'price': 1.8, 'category': 'Aceite y vinagre', 'store_id': 'condisline', 'quantity': '1,80€/Litro', 'id': '736b2998-a7a0-4711-b058-988f113e0b50', 'created_at': '2025-05-19T11:37:34.313685'}] count=None
[2025-05-19 14:37:32] ✅ Successfully inserted: ACEITE CONDIS GIRASOL 1 L
[2025-05-19 14:37:32] Attempting to insert product: {'name': 'ACEITE DE OLIVA CARBONELL 0.4 GRADOS 1 L', 'price': 5.45, 'category': 'Aceite y vinagre', 'store_id': 'condisline', 'quantity': '5,45€/Litro'}
[2025-05-19 14:37:32] Supabase Response: data=[{'name': 'ACEITE DE OLIVA CARBONELL 0.4 GRADOS 1 L', 'price': 5.45, 'category': 'Aceite y vinagre', 'store_id': 'condisline', 'quantity': '5,45€/Litro', 'id': '5d9abc89-8b6b-4632-995e-606ddc24461c', 'created_at': '2025-05-19T11:37:34.586971'}] count=None
[2025-05-19 14:37:32] ✅ Successfully inserted: ACEITE DE OLIVA CARBONELL 0.4 GRADOS 1 L
[2025-05-19 14:37:32] Attempting to insert product: {'name': 'ACEITE DE OLIVA BORGES VIRGEN EXTRA ARBEQUINA 75 CL', 'price': 7.99, 'category': 'Aceite y vinagre', 'store_id': 'condisline', 'quantity': '10,65€/Litro'}
[2025-05-19 14:37:33] Supabase Response: data=[{'name': 'ACEITE DE OLIVA BORGES VIRGEN EXTRA ARBEQUINA 75 CL', 'price': 7.99, 'category': 'Aceite y vinagre', 'store_id': 'condisline', 'quantity': '10,65€/Litro', 'id': 'c0e1dfec-f952-499f-8b47-a5ea27e36f8a', 'created_at': '2025-05-19T11:37:34.929627'}] count=None
[2025-05-19 14:37:33] ✅ Successfully inserted: ACEITE DE OLIVA BORGES VIRGEN EXTRA ARBEQUINA 75 CL
[2025-05-19 14:37:33] Attempting to insert product: {'name': 'ACEITE CONDIS OLIVA SUAVE 3 L', 'price': 11.37, 'category': 'Aceite y vinagre', 'store_id': 'condisline', 'quantity': '3,79€/Litro'}
[2025-05-19 14:37:33] Supabase Response: data=[{'name': 'ACEITE CONDIS OLIVA SUAVE 3 L', 'price': 11.37, 'category': 'Aceite y vinagre', 'store_id': 'condisline', 'quantity': '3,79€/Litro', 'id': 'e60cba4b-d7ea-40a6-9989-9633eb3b5a72', 'created_at': '2025-05-19T11:37:35.150704'}] count=None
[2025-05-19 14:37:33] ✅ Successfully inserted: ACEITE CONDIS OLIVA SUAVE 3 L
[2025-05-19 14:37:33] Attempting to insert product: {'name': 'VINAGRE CONDIS BLANCO 1 L', 'price': 0.69, 'category': 'Aceite y vinagre', 'store_id': 'condisline', 'quantity': '0,69€/Litro'}
[2025-05-19 14:37:33] Supabase Response: data=[{'name': 'VINAGRE CONDIS BLANCO 1 L', 'price': 0.69, 'category': 'Aceite y vinagre', 'store_id': 'condisline', 'quantity': '0,69€/Litro', 'id': '11071f9a-24b6-439c-b3f3-51f178a13d18', 'created_at': '2025-05-19T11:37:35.45403'}] count=None
[2025-05-19 14:37:33] ✅ Successfully inserted: VINAGRE CONDIS BLANCO 1 L
[2025-05-19 14:37:33] Attempting to insert product: {'name': 'ACEITE LA MASIA 0.4 CLASICO 1 L', 'price': 5.19, 'category': 'Aceite y vinagre', 'store_id': 'condisline', 'quantity': '5,19€/Litro'}
[2025-05-19 14:37:34] Supabase Response: data=[{'name': 'ACEITE LA MASIA 0.4 CLASICO 1 L', 'price': 5.19, 'category': 'Aceite y vinagre', 'store_id': 'condisline', 'quantity': '5,19€/Litro', 'id': '1e45b8f6-5820-4cbf-a354-bab6311856db', 'created_at': '2025-05-19T11:37:35.855813'}] count=None
[2025-05-19 14:37:34] ✅ Successfully inserted: ACEITE LA MASIA 0.4 CLASICO 1 L
[2025-05-19 14:37:34] Attempting to insert product: {'name': 'ACEITE VIRGEN EXTRA OLI CASTELLÓ OLIVA PICUAL 1 L', 'price': 8.99, 'category': 'Aceite y vinagre', 'store_id': 'condisline', 'quantity': '8,99€/Litro'}
[2025-05-19 14:37:34] Supabase Response: data=[{'name': 'ACEITE VIRGEN EXTRA OLI CASTELLÓ OLIVA PICUAL 1 L', 'price': 8.99, 'category': 'Aceite y vinagre', 'store_id': 'condisline', 'quantity': '8,99€/Litro', 'id': 'a9477080-4194-4ee8-b797-c7d4597e8727', 'created_at': '2025-05-19T11:37:36.133344'}] count=None
[2025-05-19 14:37:34] ✅ Successfully inserted: ACEITE VIRGEN EXTRA OLI CASTELLÓ OLIVA PICUAL 1 L
[2025-05-19 14:37:34] Attempting to insert product: {'name': 'ACEITE CONDIS VIRGEN EXTRA 1 L', 'price': 5.25, 'category': 'Aceite y vinagre', 'store_id': 'condisline', 'quantity': '5,25€/Litro'}
[2025-05-19 14:37:34] Supabase Response: data=[{'name': 'ACEITE CONDIS VIRGEN EXTRA 1 L', 'price': 5.25, 'category': 'Aceite y vinagre', 'store_id': 'condisline', 'quantity': '5,25€/Litro', 'id': 'f5ccaff0-57bb-4303-a724-5cfb56f0a15d', 'created_at': '2025-05-19T11:37:36.366218'}] count=None
[2025-05-19 14:37:34] ✅ Successfully inserted: ACEITE CONDIS VIRGEN EXTRA 1 L
[2025-05-19 14:37:34] Attempting to insert product: {'name': 'ACEITE DE OLIVA CARBONELL VIRGEN EXTRA TRIANGULAR 1 L', 'price': 7.69, 'category': 'Aceite y vinagre', 'store_id': 'condisline', 'quantity': '7,69€/Litro'}
[2025-05-19 14:37:34] Supabase Response: data=[{'name': 'ACEITE DE OLIVA CARBONELL VIRGEN EXTRA TRIANGULAR 1 L', 'price': 7.69, 'category': 'Aceite y vinagre', 'store_id': 'condisline', 'quantity': '7,69€/Litro', 'id': 'aa32f29b-002e-494f-bc58-11bcd82c5de7', 'created_at': '2025-05-19T11:37:36.585039'}] count=None
[2025-05-19 14:37:34] ✅ Successfully inserted: ACEITE DE OLIVA CARBONELL VIRGEN EXTRA TRIANGULAR 1 L
[2025-05-19 14:37:34] Attempting to insert product: {'name': 'ACEITE CONDIS VIRGEN EXTRA 750 ML', 'price': 5.95, 'category': 'Aceite y vinagre', 'store_id': 'condisline', 'quantity': '7,93€/Litro'}
[2025-05-19 14:37:35] Supabase Response: data=[{'name': 'ACEITE CONDIS VIRGEN EXTRA 750 ML', 'price': 5.95, 'category': 'Aceite y vinagre', 'store_id': 'condisline', 'quantity': '7,93€/Litro', 'id': '4ef0a75e-cd95-4b38-be6e-2c2b3bc7649e', 'created_at': '2025-05-19T11:37:36.955073'}] count=None
[2025-05-19 14:37:35] ✅ Successfully inserted: ACEITE CONDIS VIRGEN EXTRA 750 ML
[2025-05-19 14:37:35] Attempting to insert product: {'name': 'ACEITE BORGESOL GIRASOL 1 L', 'price': 2.89, 'category': 'Aceite y vinagre', 'store_id': 'condisline', 'quantity': '2,89€/Litro'}
[2025-05-19 14:37:35] Supabase Response: data=[{'name': 'ACEITE BORGESOL GIRASOL 1 L', 'price': 2.89, 'category': 'Aceite y vinagre', 'store_id': 'condisline', 'quantity': '2,89€/Litro', 'id': '1ffa8a0d-e7f7-47ed-a6d3-b0e7211d21d8', 'created_at': '2025-05-19T11:37:37.298512'}] count=None
[2025-05-19 14:37:35] ✅ Successfully inserted: ACEITE BORGESOL GIRASOL 1 L
[2025-05-19 14:37:35] Attempting to insert product: {'name': 'VINAGRE BORGES MÓDENA 500 ML', 'price': 3.92, 'category': 'Aceite y vinagre', 'store_id': 'condisline', 'quantity': '7,84€/Litro'}
[2025-05-19 14:37:35] Supabase Response: data=[{'name': 'VINAGRE BORGES MÓDENA 500 ML', 'price': 3.92, 'category': 'Aceite y vinagre', 'store_id': 'condisline', 'quantity': '7,84€/Litro', 'id': '8b9bff25-6c38-46f8-a8d8-2274f3d153ac', 'created_at': '2025-05-19T11:37:37.524224'}] count=None
[2025-05-19 14:37:35] ✅ Successfully inserted: VINAGRE BORGES MÓDENA 500 ML
[2025-05-19 14:37:35] Attempting to insert product: {'name': 'ACEITE BORGES VIRGEN EXTRA 2 L', 'price': 17.55, 'category': 'Aceite y vinagre', 'store_id': 'condisline', 'quantity': '8,78€/Litro'}
[2025-05-19 14:37:35] Supabase Response: data=[{'name': 'ACEITE BORGES VIRGEN EXTRA 2 L', 'price': 17.55, 'category': 'Aceite y vinagre', 'store_id': 'condisline', 'quantity': '8,78€/Litro', 'id': 'd68d6eee-3779-4e47-953b-cef1185d72b3', 'created_at': '2025-05-19T11:37:37.804866'}] count=None
[2025-05-19 14:37:35] ✅ Successfully inserted: ACEITE BORGES VIRGEN EXTRA 2 L
[2025-05-19 14:37:35] Attempting to insert product: {'name': 'ACEITE CARBONELL VIRGEN EXTRA SPRAY 200 ML', 'price': 3.49, 'category': 'Aceite y vinagre', 'store_id': 'condisline', 'quantity': '17,45€/Litro'}
[2025-05-19 14:37:36] Supabase Response: data=[{'name': 'ACEITE CARBONELL VIRGEN EXTRA SPRAY 200 ML', 'price': 3.49, 'category': 'Aceite y vinagre', 'store_id': 'condisline', 'quantity': '17,45€/Litro', 'id': '74b43812-0763-4a95-80b2-c1a2b05f86b7', 'created_at': '2025-05-19T11:37:38.017489'}] count=None
[2025-05-19 14:37:36] ✅ Successfully inserted: ACEITE CARBONELL VIRGEN EXTRA SPRAY 200 ML
[2025-05-19 14:37:36] Attempting to insert product: {'name': 'CREMA BORGES BALSÁMICO DE MÓDENA 250 G', 'price': 3.39, 'category': 'Aceite y vinagre', 'store_id': 'condisline', 'quantity': '13,56€/Kilo'}
[2025-05-19 14:37:36] Supabase Response: data=[{'name': 'CREMA BORGES BALSÁMICO DE MÓDENA 250 G', 'price': 3.39, 'category': 'Aceite y vinagre', 'store_id': 'condisline', 'quantity': '13,56€/Kilo', 'id': '22a843ba-48e7-4d8a-bc19-3b28df34b440', 'created_at': '2025-05-19T11:37:38.312688'}] count=None
[2025-05-19 14:37:36] ✅ Successfully inserted: CREMA BORGES BALSÁMICO DE MÓDENA 250 G
[2025-05-19 14:37:36] Attempting to insert product: {'name': 'ACEITE OLIV CONDIS VIRGEN EXTRA 3 L', 'price': 14.95, 'category': 'Aceite y vinagre', 'store_id': 'condisline', 'quantity': '4,98€/Litro'}
[2025-05-19 14:37:36] Supabase Response: data=[{'name': 'ACEITE OLIV CONDIS VIRGEN EXTRA 3 L', 'price': 14.95, 'category': 'Aceite y vinagre', 'store_id': 'condisline', 'quantity': '4,98€/Litro', 'id': '1c9b2d4a-d91c-42e5-9c45-a36fea203bfd', 'created_at': '2025-05-19T11:37:38.558683'}] count=None
[2025-05-19 14:37:36] ✅ Successfully inserted: ACEITE OLIV CONDIS VIRGEN EXTRA 3 L
[2025-05-19 14:37:36] Attempting to insert product: {'name': 'VINAGRE CONDIS BALSÁMICO DE MÓDENA 250 ML', 'price': 1.35, 'category': 'Aceite y vinagre', 'store_id': 'condisline', 'quantity': '5,40€/Litro'}
[2025-05-19 14:37:36] Supabase Response: data=[{'name': 'VINAGRE CONDIS BALSÁMICO DE MÓDENA 250 ML', 'price': 1.35, 'category': 'Aceite y vinagre', 'store_id': 'condisline', 'quantity': '5,40€/Litro', 'id': '9e4b6745-466b-456d-9ebc-e89492eb0c4e', 'created_at': '2025-05-19T11:37:38.780368'}] count=None
[2025-05-19 14:37:36] ✅ Successfully inserted: VINAGRE CONDIS BALSÁMICO DE MÓDENA 250 ML
[2025-05-19 14:37:36] Attempting to insert product: {'name': 'ACEITE DE OLIVA HOJIBLANCA VIRGEN EXTRA 1 L', 'price': 7.99, 'category': 'Aceite y vinagre', 'store_id': 'condisline', 'quantity': '7,99€/Litro'}
[2025-05-19 14:37:37] Supabase Response: data=[{'name': 'ACEITE DE OLIVA HOJIBLANCA VIRGEN EXTRA 1 L', 'price': 7.99, 'category': 'Aceite y vinagre', 'store_id': 'condisline', 'quantity': '7,99€/Litro', 'id': '6b72e886-22bf-4d20-a8ae-8c826f5bbcbb', 'created_at': '2025-05-19T11:37:39.025915'}] count=None
[2025-05-19 14:37:37] ✅ Successfully inserted: ACEITE DE OLIVA HOJIBLANCA VIRGEN EXTRA 1 L
[2025-05-19 14:37:37] Attempting to insert product: {'name': 'ACEITE GERMANOR VIRGEN EXTRA 2 L', 'price': 19.95, 'category': 'Aceite y vinagre', 'store_id': 'condisline', 'quantity': '9,98€/Litro'}
[2025-05-19 14:37:37] Supabase Response: data=[{'name': 'ACEITE GERMANOR VIRGEN EXTRA 2 L', 'price': 19.95, 'category': 'Aceite y vinagre', 'store_id': 'condisline', 'quantity': '9,98€/Litro', 'id': 'b8657105-109f-4018-aade-f1b53219119a', 'created_at': '2025-05-19T11:37:39.239711'}] count=None
[2025-05-19 14:37:37] ✅ Successfully inserted: ACEITE GERMANOR VIRGEN EXTRA 2 L
[2025-05-19 14:37:37] Attempting to insert product: {'name': 'VINAGRE CONDIS NEGRO 1 L', 'price': 0.99, 'category': 'Aceite y vinagre', 'store_id': 'condisline', 'quantity': '0,99€/Litro'}
[2025-05-19 14:37:37] Supabase Response: data=[{'name': 'VINAGRE CONDIS NEGRO 1 L', 'price': 0.99, 'category': 'Aceite y vinagre', 'store_id': 'condisline', 'quantity': '0,99€/Litro', 'id': 'e6001e13-a45a-4261-969e-f2dcba40bcc6', 'created_at': '2025-05-19T11:37:39.458192'}] count=None
[2025-05-19 14:37:37] ✅ Successfully inserted: VINAGRE CONDIS NEGRO 1 L
[2025-05-19 14:37:37] Attempting to insert product: {'name': 'VINAGRE BORGES DE JEREZ 250 ML', 'price': 1.99, 'category': 'Aceite y vinagre', 'store_id': 'condisline', 'quantity': '7,96€/Litro'}
[2025-05-19 14:37:38] Supabase Response: data=[{'name': 'VINAGRE BORGES DE JEREZ 250 ML', 'price': 1.99, 'category': 'Aceite y vinagre', 'store_id': 'condisline', 'quantity': '7,96€/Litro', 'id': '15cad8be-f338-47c4-905f-726fb846505d', 'created_at': '2025-05-19T11:37:39.736078'}] count=None
[2025-05-19 14:37:38] ✅ Successfully inserted: VINAGRE BORGES DE JEREZ 250 ML
[2025-05-19 14:37:38] Attempting to insert product: {'name': 'ACEITE DE OLIVA CARBONELL VIRGEN EXTRA GRAN SELECCIÓN 75 CL', 'price': 5.99, 'category': 'Aceite y vinagre', 'store_id': 'condisline', 'quantity': '7,99€/Litro'}
[2025-05-19 14:37:38] Supabase Response: data=[{'name': 'ACEITE DE OLIVA CARBONELL VIRGEN EXTRA GRAN SELECCIÓN 75 CL', 'price': 5.99, 'category': 'Aceite y vinagre', 'store_id': 'condisline', 'quantity': '7,99€/Litro', 'id': '19d13304-55f3-42de-a147-1a0e08a148c2', 'created_at': '2025-05-19T11:37:40.048323'}] count=None
[2025-05-19 14:37:38] ✅ Successfully inserted: ACEITE DE OLIVA CARBONELL VIRGEN EXTRA GRAN SELECCIÓN 75 CL
[2025-05-19 14:37:38] Attempting to insert product: {'name': 'ACEITE OLIVA CARBONELL SABOR 1 L', 'price': 5.45, 'category': 'Aceite y vinagre', 'store_id': 'condisline', 'quantity': '5,45€/Litro'}
[2025-05-19 14:37:38] Supabase Response: data=[{'name': 'ACEITE OLIVA CARBONELL SABOR 1 L', 'price': 5.45, 'category': 'Aceite y vinagre', 'store_id': 'condisline', 'quantity': '5,45€/Litro', 'id': '6cca2278-7395-4216-ac91-57881fac570a', 'created_at': '2025-05-19T11:37:40.36682'}] count=None
[2025-05-19 14:37:38] ✅ Successfully inserted: ACEITE OLIVA CARBONELL SABOR 1 L
[2025-05-19 14:37:38] Attempting to insert product: {'name': 'ACEITE LA MASIA SUMMUM 1º 1 L', 'price': 5.19, 'category': 'Aceite y vinagre', 'store_id': 'condisline', 'quantity': '5,19€/Litro'}
[2025-05-19 14:37:39] Supabase Response: data=[{'name': 'ACEITE LA MASIA SUMMUM 1º 1 L', 'price': 5.19, 'category': 'Aceite y vinagre', 'store_id': 'condisline', 'quantity': '5,19€/Litro', 'id': '1a104e23-13e9-43d9-99a4-47d03a88e670', 'created_at': '2025-05-19T11:37:40.678646'}] count=None
[2025-05-19 14:37:39] ✅ Successfully inserted: ACEITE LA MASIA SUMMUM 1º 1 L
[2025-05-19 14:37:39] Attempting to insert product: {'name': 'VINAGRE CONDIS SIDRA 75 CL', 'price': 1.45, 'category': 'Aceite y vinagre', 'store_id': 'condisline', 'quantity': '1,93€/Litro'}
[2025-05-19 14:37:39] Supabase Response: data=[{'name': 'VINAGRE CONDIS SIDRA 75 CL', 'price': 1.45, 'category': 'Aceite y vinagre', 'store_id': 'condisline', 'quantity': '1,93€/Litro', 'id': '2815269c-65ba-47f3-8cfd-75528ef3b2a0', 'created_at': '2025-05-19T11:37:41.204035'}] count=None
[2025-05-19 14:37:39] ✅ Successfully inserted: VINAGRE CONDIS SIDRA 75 CL
[2025-05-19 14:37:39] Attempting to insert product: {'name': 'ACEITE BORGESOL GIRASOL 2 L', 'price': 5.65, 'category': 'Aceite y vinagre', 'store_id': 'condisline', 'quantity': '2,83€/Litro'}
[2025-05-19 14:37:39] Supabase Response: data=[{'name': 'ACEITE BORGESOL GIRASOL 2 L', 'price': 5.65, 'category': 'Aceite y vinagre', 'store_id': 'condisline', 'quantity': '2,83€/Litro', 'id': '853b667c-d260-4825-a7c4-6c3b735879de', 'created_at': '2025-05-19T11:37:41.490239'}] count=None
[2025-05-19 14:37:39] ✅ Successfully inserted: ACEITE BORGESOL GIRASOL 2 L
[2025-05-19 14:37:39] Attempting to insert product: {'name': 'VINAGRE BORGES BLANCO 1 L', 'price': 1.29, 'category': 'Aceite y vinagre', 'store_id': 'condisline', 'quantity': '1,29€/Litro'}
[2025-05-19 14:37:39] Supabase Response: data=[{'name': 'VINAGRE BORGES BLANCO 1 L', 'price': 1.29, 'category': 'Aceite y vinagre', 'store_id': 'condisline', 'quantity': '1,29€/Litro', 'id': '0b27e43b-7008-4904-8700-ec267c3d0ee8', 'created_at': '2025-05-19T11:37:41.703967'}] count=None
[2025-05-19 14:37:39] ✅ Successfully inserted: VINAGRE BORGES BLANCO 1 L
[2025-05-19 14:37:39] Attempting to insert product: {'name': 'ACEITE CONDIS GIRASOL 5 L', 'price': 8.7, 'category': 'Aceite y vinagre', 'store_id': 'condisline', 'quantity': '1,74€/Litro'}
[2025-05-19 14:37:40] Supabase Response: data=[{'name': 'ACEITE CONDIS GIRASOL 5 L', 'price': 8.7, 'category': 'Aceite y vinagre', 'store_id': 'condisline', 'quantity': '1,74€/Litro', 'id': 'bb672036-6999-4244-8fd2-809bb2ac043b', 'created_at': '2025-05-19T11:37:41.960048'}] count=None
[2025-05-19 14:37:40] ✅ Successfully inserted: ACEITE CONDIS GIRASOL 5 L
[2025-05-19 14:37:40] Attempting to insert product: {'name': 'VINAGRE CONDIS BLANCO 50 CL', 'price': 0.55, 'category': 'Aceite y vinagre', 'store_id': 'condisline', 'quantity': '1,10€/Litro'}
[2025-05-19 14:37:40] Supabase Response: data=[{'name': 'VINAGRE CONDIS BLANCO 50 CL', 'price': 0.55, 'category': 'Aceite y vinagre', 'store_id': 'condisline', 'quantity': '1,10€/Litro', 'id': 'b4843960-cb0c-444e-8370-b634cb9c069b', 'created_at': '2025-05-19T11:37:42.213341'}] count=None
[2025-05-19 14:37:40] ✅ Successfully inserted: VINAGRE CONDIS BLANCO 50 CL
[2025-05-19 14:37:40] Attempting to insert product: {'name': 'CREMA BALSÁMICA CONDIS MODENA 250 ML', 'price': 2.19, 'category': 'Aceite y vinagre', 'store_id': 'condisline', 'quantity': '8,76€/Litro'}
[2025-05-19 14:37:40] Supabase Response: data=[{'name': 'CREMA BALSÁMICA CONDIS MODENA 250 ML', 'price': 2.19, 'category': 'Aceite y vinagre', 'store_id': 'condisline', 'quantity': '8,76€/Litro', 'id': '86742ba1-7284-4927-bc92-dfec3c6bb086', 'created_at': '2025-05-19T11:37:42.531301'}] count=None
[2025-05-19 14:37:40] ✅ Successfully inserted: CREMA BALSÁMICA CONDIS MODENA 250 ML
[2025-05-19 14:37:40] Attempting to insert product: {'name': 'ACEITE BORGES ESPECIAL FRITO 1 L', 'price': 2.99, 'category': 'Aceite y vinagre', 'store_id': 'condisline', 'quantity': '2,99€/Litro'}
[2025-05-19 14:37:41] Supabase Response: data=[{'name': 'ACEITE BORGES ESPECIAL FRITO 1 L', 'price': 2.99, 'category': 'Aceite y vinagre', 'store_id': 'condisline', 'quantity': '2,99€/Litro', 'id': 'fcd3ce9e-e14a-4cfb-a23e-ccab9ccd7aca', 'created_at': '2025-05-19T11:37:42.92555'}] count=None
[2025-05-19 14:37:41] ✅ Successfully inserted: ACEITE BORGES ESPECIAL FRITO 1 L
[2025-05-19 14:37:41] Attempting to insert product: {'name': 'ACEITE OLIVA CONDIS VIRGEN EXTRA ARBEQUINA 75 CL', 'price': 6.15, 'category': 'Aceite y vinagre', 'store_id': 'condisline', 'quantity': '8,20€/Litro'}
[2025-05-19 14:37:41] Supabase Response: data=[{'name': 'ACEITE OLIVA CONDIS VIRGEN EXTRA ARBEQUINA 75 CL', 'price': 6.15, 'category': 'Aceite y vinagre', 'store_id': 'condisline', 'quantity': '8,20€/Litro', 'id': '38848cc4-7937-46ab-bac5-2c2c01d3c138', 'created_at': '2025-05-19T11:37:43.223035'}] count=None
[2025-05-19 14:37:41] ✅ Successfully inserted: ACEITE OLIVA CONDIS VIRGEN EXTRA ARBEQUINA 75 CL
[2025-05-19 14:37:41] Attempting to insert product: {'name': 'ACEITE VIRGEN EXTRA OLISCASTELLO ARBEQUINA 750 ML', 'price': 6.99, 'category': 'Aceite y vinagre', 'store_id': 'condisline', 'quantity': '9,32€/Litro'}
[2025-05-19 14:37:42] Supabase Response: data=[{'name': 'ACEITE VIRGEN EXTRA OLISCASTELLO ARBEQUINA 750 ML', 'price': 6.99, 'category': 'Aceite y vinagre', 'store_id': 'condisline', 'quantity': '9,32€/Litro', 'id': '5a13a65b-97db-4197-bb6f-95bd6e5965db', 'created_at': '2025-05-19T11:37:43.942646'}] count=None
[2025-05-19 14:37:42] ✅ Successfully inserted: ACEITE VIRGEN EXTRA OLISCASTELLO ARBEQUINA 750 ML
[2025-05-19 14:37:42] Attempting to insert product: {'name': 'ACEITE KOIPESOL GIRASOL 3 L', 'price': 8.19, 'category': 'Aceite y vinagre', 'store_id': 'condisline', 'quantity': '2,73€/Litro'}
[2025-05-19 14:37:42] Supabase Response: data=[{'name': 'ACEITE KOIPESOL GIRASOL 3 L', 'price': 8.19, 'category': 'Aceite y vinagre', 'store_id': 'condisline', 'quantity': '2,73€/Litro', 'id': 'af2b9510-722b-42c1-8770-6862dc591f88', 'created_at': '2025-05-19T11:37:44.159499'}] count=None
[2025-05-19 14:37:42] ✅ Successfully inserted: ACEITE KOIPESOL GIRASOL 3 L
[2025-05-19 14:37:42] Attempting to insert product: {'name': 'ACEITE DE OLIVA BARGALLÓ VIRGEN EXTRA ARBEQUINA 750 ML', 'price': 9.49, 'category': 'Aceite y vinagre', 'store_id': 'condisline', 'quantity': '12,65€/Litro'}
[2025-05-19 14:37:42] Supabase Response: data=[{'name': 'ACEITE DE OLIVA BARGALLÓ VIRGEN EXTRA ARBEQUINA 750 ML', 'price': 9.49, 'category': 'Aceite y vinagre', 'store_id': 'condisline', 'quantity': '12,65€/Litro', 'id': '5fb1df99-366e-4f17-a602-fdd0b6e6ce53', 'created_at': '2025-05-19T11:37:44.415399'}] count=None
[2025-05-19 14:37:42] ✅ Successfully inserted: ACEITE DE OLIVA BARGALLÓ VIRGEN EXTRA ARBEQUINA 750 ML
[2025-05-19 14:37:42] Attempting to insert product: {'name': 'ACEITE CARBONELL OLIVA 0.4º 3 L', 'price': 18.45, 'category': 'Aceite y vinagre', 'store_id': 'condisline', 'quantity': '6,15€/Litro'}
[2025-05-19 14:37:42] Supabase Response: data=[{'name': 'ACEITE CARBONELL OLIVA 0.4º 3 L', 'price': 18.45, 'category': 'Aceite y vinagre', 'store_id': 'condisline', 'quantity': '6,15€/Litro', 'id': '9034d268-70ce-47fc-ba5a-e215400e3eb8', 'created_at': '2025-05-19T11:37:44.714389'}] count=None
[2025-05-19 14:37:42] ✅ Successfully inserted: ACEITE CARBONELL OLIVA 0.4º 3 L
[2025-05-19 14:37:42] Attempting to insert product: {'name': 'ACEITE KOIPESOL GIRASOL 1 L', 'price': 2.75, 'category': 'Aceite y vinagre', 'store_id': 'condisline', 'quantity': '2,75€/Litro'}
[2025-05-19 14:37:43] Supabase Response: data=[{'name': 'ACEITE KOIPESOL GIRASOL 1 L', 'price': 2.75, 'category': 'Aceite y vinagre', 'store_id': 'condisline', 'quantity': '2,75€/Litro', 'id': 'f34dbaa9-be1e-464f-bcf4-9d789efe908f', 'created_at': '2025-05-19T11:37:44.957349'}] count=None
[2025-05-19 14:37:43] ✅ Successfully inserted: ACEITE KOIPESOL GIRASOL 1 L
[2025-05-19 14:37:43] Attempting to insert product: {'name': 'ACEITE OLIVA FLOR DE OLIVO VIRGEN EXTRA 1 L', 'price': 6.15, 'category': 'Aceite y vinagre', 'store_id': 'condisline', 'quantity': '6,15€/Litro'}
[2025-05-19 14:37:43] Supabase Response: data=[{'name': 'ACEITE OLIVA FLOR DE OLIVO VIRGEN EXTRA 1 L', 'price': 6.15, 'category': 'Aceite y vinagre', 'store_id': 'condisline', 'quantity': '6,15€/Litro', 'id': '9d6fee25-8575-428d-9fca-fd8bfcfca1fb', 'created_at': '2025-05-19T11:37:45.201803'}] count=None
[2025-05-19 14:37:43] ✅ Successfully inserted: ACEITE OLIVA FLOR DE OLIVO VIRGEN EXTRA 1 L
[2025-05-19 14:37:43] Attempting to insert product: {'name': 'ACEITE OLIVA 0.4 CARBONELL SPRAY ESPECIAL FREIDORA DE AIRE 200 ML', 'price': 2.99, 'category': 'Aceite y vinagre', 'store_id': 'condisline', 'quantity': '14,95€/Litro'}
[2025-05-19 14:37:43] Supabase Response: data=[{'name': 'ACEITE OLIVA 0.4 CARBONELL SPRAY ESPECIAL FREIDORA DE AIRE 200 ML', 'price': 2.99, 'category': 'Aceite y vinagre', 'store_id': 'condisline', 'quantity': '14,95€/Litro', 'id': '2b10d0ba-0ee3-4f07-a062-6c4c07fc35d0', 'created_at': '2025-05-19T11:37:45.420262'}] count=None
[2025-05-19 14:37:43] ✅ Successfully inserted: ACEITE OLIVA 0.4 CARBONELL SPRAY ESPECIAL FREIDORA DE AIRE 200 ML
[2025-05-19 14:37:43] Attempting to insert product: {'name': 'SALSA FLORETTE FRUTOS ROJOS 250 ML', 'price': 2.25, 'category': 'Aceite y vinagre', 'store_id': 'condisline', 'quantity': '9,00€/Litro'}
[2025-05-19 14:37:43] Supabase Response: data=[{'name': 'SALSA FLORETTE FRUTOS ROJOS 250 ML', 'price': 2.25, 'category': 'Aceite y vinagre', 'store_id': 'condisline', 'quantity': '9,00€/Litro', 'id': '24942699-1baf-479f-b447-8493ed35ccd5', 'created_at': '2025-05-19T11:37:45.63782'}] count=None
[2025-05-19 14:37:43] ✅ Successfully inserted: SALSA FLORETTE FRUTOS ROJOS 250 ML
[2025-05-19 14:37:43] Attempting to insert product: {'name': 'SALSA FLORETTE CESAR 250 ML', 'price': 2.25, 'category': 'Aceite y vinagre', 'store_id': 'condisline', 'quantity': '9,00€/Litro'}
[2025-05-19 14:37:44] Supabase Response: data=[{'name': 'SALSA FLORETTE CESAR 250 ML', 'price': 2.25, 'category': 'Aceite y vinagre', 'store_id': 'condisline', 'quantity': '9,00€/Litro', 'id': '21aa8155-1bd2-4f80-b604-758017846aa9', 'created_at': '2025-05-19T11:37:45.859605'}] count=None
[2025-05-19 14:37:44] ✅ Successfully inserted: SALSA FLORETTE CESAR 250 ML
[2025-05-19 14:37:44] Attempting to insert product: {'name': 'CREMA BORGES BALSÁMICA FRAMBUESA 250 G', 'price': 3.39, 'category': 'Aceite y vinagre', 'store_id': 'condisline', 'quantity': '13,56€/Litro'}
[2025-05-19 14:37:44] Supabase Response: data=[{'name': 'CREMA BORGES BALSÁMICA FRAMBUESA 250 G', 'price': 3.39, 'category': 'Aceite y vinagre', 'store_id': 'condisline', 'quantity': '13,56€/Litro', 'id': '79fbe3c7-a668-4a01-8593-4c24461569eb', 'created_at': '2025-05-19T11:37:46.294052'}] count=None
[2025-05-19 14:37:44] ✅ Successfully inserted: CREMA BORGES BALSÁMICA FRAMBUESA 250 G
[2025-05-19 14:37:44] Attempting to insert product: {'name': 'ACEITE OLIVA FLOR DE OLIVO VIRGEN EXTRA CRISTAL 500 ML', 'price': 4.39, 'category': 'Aceite y vinagre', 'store_id': 'condisline', 'quantity': '8,78€/Litro'}
[2025-05-19 14:37:44] Supabase Response: data=[{'name': 'ACEITE OLIVA FLOR DE OLIVO VIRGEN EXTRA CRISTAL 500 ML', 'price': 4.39, 'category': 'Aceite y vinagre', 'store_id': 'condisline', 'quantity': '8,78€/Litro', 'id': 'a2d64198-4842-46d8-b30b-a7c278cc2fcc', 'created_at': '2025-05-19T11:37:46.603658'}] count=None
[2025-05-19 14:37:44] ✅ Successfully inserted: ACEITE OLIVA FLOR DE OLIVO VIRGEN EXTRA CRISTAL 500 ML
[2025-05-19 14:37:44] Attempting to insert product: {'name': 'ACEITE BORGES CON PIMIENTA DE CAYENA Y ESPECIAS 200 ML', 'price': 3.99, 'category': 'Aceite y vinagre', 'store_id': 'condisline', 'quantity': '19,95€/Litro'}
[2025-05-19 14:37:45] Supabase Response: data=[{'name': 'ACEITE BORGES CON PIMIENTA DE CAYENA Y ESPECIAS 200 ML', 'price': 3.99, 'category': 'Aceite y vinagre', 'store_id': 'condisline', 'quantity': '19,95€/Litro', 'id': '0631172f-fe16-4ee5-b25a-544cb107b226', 'created_at': '2025-05-19T11:37:46.817205'}] count=None
[2025-05-19 14:37:45] ✅ Successfully inserted: ACEITE BORGES CON PIMIENTA DE CAYENA Y ESPECIAS 200 ML
[2025-05-19 14:37:45] Attempting to insert product: {'name': 'ACEITE OLEAURUM VIRGEN EXTRA D.O. SIURANA 750 ML', 'price': 11.89, 'category': 'Aceite y vinagre', 'store_id': 'condisline', 'quantity': '15,85€/Litro'}
[2025-05-19 14:37:45] Supabase Response: data=[{'name': 'ACEITE OLEAURUM VIRGEN EXTRA D.O. SIURANA 750 ML', 'price': 11.89, 'category': 'Aceite y vinagre', 'store_id': 'condisline', 'quantity': '15,85€/Litro', 'id': 'b4165a83-0c8a-48fe-8f12-7b9113a1e98e', 'created_at': '2025-05-19T11:37:47.116463'}] count=None
[2025-05-19 14:37:45] ✅ Successfully inserted: ACEITE OLEAURUM VIRGEN EXTRA D.O. SIURANA 750 ML
[2025-05-19 14:37:45] Attempting to insert product: {'name': 'ACEITE BORGES ALBAHACA FRESCA 200 ML', 'price': 3.99, 'category': 'Aceite y vinagre', 'store_id': 'condisline', 'quantity': '19,95€/Litro'}
[2025-05-19 14:37:45] Supabase Response: data=[{'name': 'ACEITE BORGES ALBAHACA FRESCA 200 ML', 'price': 3.99, 'category': 'Aceite y vinagre', 'store_id': 'condisline', 'quantity': '19,95€/Litro', 'id': '0f4a4f85-0039-4b45-b2a8-71057cf4b13e', 'created_at': '2025-05-19T11:37:47.419767'}] count=None
[2025-05-19 14:37:45] ✅ Successfully inserted: ACEITE BORGES ALBAHACA FRESCA 200 ML
[2025-05-19 14:37:45] Attempting to insert product: {'name': 'ACEITE VIRGEN EXTRA BORGES ARBEQUINA 250 ML', 'price': 3.1, 'category': 'Aceite y vinagre', 'store_id': 'condisline', 'quantity': '12,40€/Litro'}
[2025-05-19 14:37:46] Supabase Response: data=[{'name': 'ACEITE VIRGEN EXTRA BORGES ARBEQUINA 250 ML', 'price': 3.1, 'category': 'Aceite y vinagre', 'store_id': 'condisline', 'quantity': '12,40€/Litro', 'id': 'e7e64983-0590-4693-ac45-86ef5f625eb5', 'created_at': '2025-05-19T11:37:47.764474'}] count=None
[2025-05-19 14:37:46] ✅ Successfully inserted: ACEITE VIRGEN EXTRA BORGES ARBEQUINA 250 ML
[2025-05-19 14:37:46] Attempting to insert product: {'name': 'SALSA FLORETTE MÓDENA Y MIEL 250 ML', 'price': 2.25, 'category': 'Aceite y vinagre', 'store_id': 'condisline', 'quantity': '9,00€/Litro'}
[2025-05-19 14:37:46] Supabase Response: data=[{'name': 'SALSA FLORETTE MÓDENA Y MIEL 250 ML', 'price': 2.25, 'category': 'Aceite y vinagre', 'store_id': 'condisline', 'quantity': '9,00€/Litro', 'id': '3c37266d-84b6-4ade-b5fa-8e7459f177a9', 'created_at': '2025-05-19T11:37:48.139055'}] count=None
[2025-05-19 14:37:46] ✅ Successfully inserted: SALSA FLORETTE MÓDENA Y MIEL 250 ML
[2025-05-19 14:37:46] Attempting to insert product: {'name': 'ACEITE FONTASOL GIRASOL 1 L', 'price': 1.99, 'category': 'Aceite y vinagre', 'store_id': 'condisline', 'quantity': '1,99€/Litro'}
[2025-05-19 14:37:46] Supabase Response: data=[{'name': 'ACEITE FONTASOL GIRASOL 1 L', 'price': 1.99, 'category': 'Aceite y vinagre', 'store_id': 'condisline', 'quantity': '1,99€/Litro', 'id': 'e24f828a-7834-430f-b17d-fb298695a714', 'created_at': '2025-05-19T11:37:48.355599'}] count=None
[2025-05-19 14:37:46] ✅ Successfully inserted: ACEITE FONTASOL GIRASOL 1 L
[2025-05-19 14:37:46] Attempting to insert product: {'name': 'ACEITE VIRGEN EXTRA OLI CASTELLO HOJIBLANCA 1 L', 'price': 8.99, 'category': 'Aceite y vinagre', 'store_id': 'condisline', 'quantity': '8,99€/Litro'}
[2025-05-19 14:37:46] Supabase Response: data=[{'name': 'ACEITE VIRGEN EXTRA OLI CASTELLO HOJIBLANCA 1 L', 'price': 8.99, 'category': 'Aceite y vinagre', 'store_id': 'condisline', 'quantity': '8,99€/Litro', 'id': '9b41f4df-a1d7-419f-a7d2-92bd05946bb8', 'created_at': '2025-05-19T11:37:48.652163'}] count=None
[2025-05-19 14:37:46] ✅ Successfully inserted: ACEITE VIRGEN EXTRA OLI CASTELLO HOJIBLANCA 1 L
[2025-05-19 14:37:46] Attempting to insert product: {'name': 'ACEITE FONTOLIVA ORUJO 1 L', 'price': 3.29, 'category': 'Aceite y vinagre', 'store_id': 'condisline', 'quantity': '3,29€/Litro'}
[2025-05-19 14:37:47] Supabase Response: data=[{'name': 'ACEITE FONTOLIVA ORUJO 1 L', 'price': 3.29, 'category': 'Aceite y vinagre', 'store_id': 'condisline', 'quantity': '3,29€/Litro', 'id': '8bca5442-7fb2-4e8b-b294-8fbcdd20401f', 'created_at': '2025-05-19T11:37:48.873451'}] count=None
[2025-05-19 14:37:47] ✅ Successfully inserted: ACEITE FONTOLIVA ORUJO 1 L
[2025-05-19 14:37:47] Attempting to insert product: {'name': 'ZUMO LIMASOL LIMA 280 ML', 'price': 1.49, 'category': 'Aceite y vinagre', 'store_id': 'condisline', 'quantity': '5,32€/Litro'}
[2025-05-19 14:37:47] Supabase Response: data=[{'name': 'ZUMO LIMASOL LIMA 280 ML', 'price': 1.49, 'category': 'Aceite y vinagre', 'store_id': 'condisline', 'quantity': '5,32€/Litro', 'id': '3df30fe4-d03f-4a31-b319-0d9c8e729a52', 'created_at': '2025-05-19T11:37:49.16336'}] count=None
[2025-05-19 14:37:47] ✅ Successfully inserted: ZUMO LIMASOL LIMA 280 ML
[2025-05-19 14:37:47] Attempting to insert product: {'name': 'ACEITE VIRGEN EXTRA CAPRICHO ANDALUZ MONODOSIS 10 UNIDADES X 10 ML', 'price': 2.39, 'category': 'Aceite y vinagre', 'store_id': 'condisline', 'quantity': '23,90€/Litro'}
[2025-05-19 14:37:47] Supabase Response: data=[{'name': 'ACEITE VIRGEN EXTRA CAPRICHO ANDALUZ MONODOSIS 10 UNIDADES X 10 ML', 'price': 2.39, 'category': 'Aceite y vinagre', 'store_id': 'condisline', 'quantity': '23,90€/Litro', 'id': '35016f25-a30b-41d1-b548-6dda992c6a67', 'created_at': '2025-05-19T11:37:49.376665'}] count=None
[2025-05-19 14:37:47] ✅ Successfully inserted: ACEITE VIRGEN EXTRA CAPRICHO ANDALUZ MONODOSIS 10 UNIDADES X 10 ML
[2025-05-19 14:37:47] Attempting to insert product: {'name': 'CREMA BALSÁMICA BORGES TRUFA 250 ML', 'price': 3.39, 'category': 'Aceite y vinagre', 'store_id': 'condisline', 'quantity': '13,56€/Litro'}
[2025-05-19 14:37:47] Supabase Response: data=[{'name': 'CREMA BALSÁMICA BORGES TRUFA 250 ML', 'price': 3.39, 'category': 'Aceite y vinagre', 'store_id': 'condisline', 'quantity': '13,56€/Litro', 'id': '55858089-0b3c-4697-8dc2-259827c30194', 'created_at': '2025-05-19T11:37:49.673598'}] count=None
[2025-05-19 14:37:47] ✅ Successfully inserted: CREMA BALSÁMICA BORGES TRUFA 250 ML
[2025-05-19 14:37:47] Attempting to insert product: {'name': 'ALIÑO SURINVER AJO Y PEREJIL 140 G', 'price': 1.99, 'category': 'Aceite y vinagre', 'store_id': 'condisline', 'quantity': '14,21€/Kilo'}
[2025-05-19 14:37:48] Supabase Response: data=[{'name': 'ALIÑO SURINVER AJO Y PEREJIL 140 G', 'price': 1.99, 'category': 'Aceite y vinagre', 'store_id': 'condisline', 'quantity': '14,21€/Kilo', 'id': '94b71eb8-d9ad-42bb-8f52-1a9de15362b3', 'created_at': '2025-05-19T11:37:49.901704'}] count=None
[2025-05-19 14:37:48] ✅ Successfully inserted: ALIÑO SURINVER AJO Y PEREJIL 140 G
[2025-05-19 14:37:48] Attempting to insert product: {'name': 'VINAGRE BADIA ECOLOGICO 500 ML', 'price': 3.69, 'category': 'Aceite y vinagre', 'store_id': 'condisline', 'quantity': '7,38€/Litro'}
[2025-05-19 14:37:48] Supabase Response: data=[{'name': 'VINAGRE BADIA ECOLOGICO 500 ML', 'price': 3.69, 'category': 'Aceite y vinagre', 'store_id': 'condisline', 'quantity': '7,38€/Litro', 'id': '98cf9efc-866b-47f1-8403-a30bd8e6d571', 'created_at': '2025-05-19T11:37:50.198793'}] count=None
[2025-05-19 14:37:48] ✅ Successfully inserted: VINAGRE BADIA ECOLOGICO 500 ML
[2025-05-19 14:38:02] Attempting to insert product: {'name': 'TOMATE SOLIS FRITO ARTESANO 350 G', 'price': 2.29, 'category': 'Sal, salsas y especias', 'store_id': 'condisline', 'quantity': '6,54€/Kilo'}
[2025-05-19 14:38:04] Supabase Response: data=[{'name': 'TOMATE SOLIS FRITO ARTESANO 350 G', 'price': 2.29, 'category': 'Sal, salsas y especias', 'store_id': 'condisline', 'quantity': '6,54€/Kilo', 'id': 'c8bce5fd-f74b-4d9f-8edc-8eddd0d98550', 'created_at': '2025-05-19T11:38:05.7613'}] count=None
[2025-05-19 14:38:04] ✅ Successfully inserted: TOMATE SOLIS FRITO ARTESANO 350 G
[2025-05-19 14:38:04] Attempting to insert product: {'name': 'TOMATE FRITO ORLANDO ACEITE DE OLIVA BRICK 350 G', 'price': 1.55, 'category': 'Sal, salsas y especias', 'store_id': 'condisline', 'quantity': '4,43€/Kilo'}
[2025-05-19 14:38:04] Supabase Response: data=[{'name': 'TOMATE FRITO ORLANDO ACEITE DE OLIVA BRICK 350 G', 'price': 1.55, 'category': 'Sal, salsas y especias', 'store_id': 'condisline', 'quantity': '4,43€/Kilo', 'id': 'b7ce5799-3e6f-42eb-9806-2d57e9c0cc63', 'created_at': '2025-05-19T11:38:06.209027'}] count=None
[2025-05-19 14:38:04] ✅ Successfully inserted: TOMATE FRITO ORLANDO ACEITE DE OLIVA BRICK 350 G
[2025-05-19 14:38:04] Attempting to insert product: {'name': 'KETCHUP REALFOODIN S/AZUCARES 340 G', 'price': 2.99, 'category': 'Sal, salsas y especias', 'store_id': 'condisline', 'quantity': '8,79€/Kilo'}
[2025-05-19 14:38:04] Supabase Response: data=[{'name': 'KETCHUP REALFOODIN S/AZUCARES 340 G', 'price': 2.99, 'category': 'Sal, salsas y especias', 'store_id': 'condisline', 'quantity': '8,79€/Kilo', 'id': '1d1d0b88-63b7-49eb-a0a5-8065ca9a56bd', 'created_at': '2025-05-19T11:38:06.470101'}] count=None
[2025-05-19 14:38:04] ✅ Successfully inserted: KETCHUP REALFOODIN S/AZUCARES 340 G
[2025-05-19 14:38:04] Attempting to insert product: {'name': 'SALSA OLD EL PASO GUACAMOLE 320 G', 'price': 3.39, 'category': 'Sal, salsas y especias', 'store_id': 'condisline', 'quantity': '10,59€/Kilo'}
[2025-05-19 14:38:06] Supabase Response: data=[{'name': 'SALSA OLD EL PASO GUACAMOLE 320 G', 'price': 3.39, 'category': 'Sal, salsas y especias', 'store_id': 'condisline', 'quantity': '10,59€/Kilo', 'id': 'f7e98f76-2223-4ea8-bf18-19d21f7ae226', 'created_at': '2025-05-19T11:38:06.69139'}] count=None
[2025-05-19 14:38:06] ✅ Successfully inserted: SALSA OLD EL PASO GUACAMOLE 320 G
[2025-05-19 14:38:06] Attempting to insert product: {'name': 'SALSA OLD EL PASO QUESO SUAVE 320 G', 'price': 3.59, 'category': 'Sal, salsas y especias', 'store_id': 'condisline', 'quantity': '11,22€/Kilo'}
[2025-05-19 14:38:07] Supabase Response: data=[{'name': 'SALSA OLD EL PASO QUESO SUAVE 320 G', 'price': 3.59, 'category': 'Sal, salsas y especias', 'store_id': 'condisline', 'quantity': '11,22€/Kilo', 'id': 'bb8218ba-d24e-4aae-8601-9f43e1687004', 'created_at': '2025-05-19T11:38:08.207078'}] count=None
[2025-05-19 14:38:07] ✅ Successfully inserted: SALSA OLD EL PASO QUESO SUAVE 320 G
[2025-05-19 14:38:07] Attempting to insert product: {'name': 'TOMATE  FRITO ORLANDO BRIK 3 UNIDADES X 212 G', 'price': 1.59, 'category': 'Sal, salsas y especias', 'store_id': 'condisline', 'quantity': '2,50€/Kilo'}
[2025-05-19 14:38:08] Supabase Response: data=[{'name': 'TOMATE  FRITO ORLANDO BRIK 3 UNIDADES X 212 G', 'price': 1.59, 'category': 'Sal, salsas y especias', 'store_id': 'condisline', 'quantity': '2,50€/Kilo', 'id': '0ea8d157-94f2-4b4d-b3cf-63d3ff904537', 'created_at': '2025-05-19T11:38:09.274047'}] count=None
[2025-05-19 14:38:08] ✅ Successfully inserted: TOMATE  FRITO ORLANDO BRIK 3 UNIDADES X 212 G
[2025-05-19 14:38:08] Attempting to insert product: {'name': 'SALSA FERRER BRAVA ORIGINAL 320 G', 'price': 2.49, 'category': 'Sal, salsas y especias', 'store_id': 'condisline', 'quantity': '7,78€/Kilo'}
[2025-05-19 14:38:08] Supabase Response: data=[{'name': 'SALSA FERRER BRAVA ORIGINAL 320 G', 'price': 2.49, 'category': 'Sal, salsas y especias', 'store_id': 'condisline', 'quantity': '7,78€/Kilo', 'id': '4d666bf8-606c-4500-a019-f07860fc2762', 'created_at': '2025-05-19T11:38:10.066098'}] count=None
[2025-05-19 14:38:08] ✅ Successfully inserted: SALSA FERRER BRAVA ORIGINAL 320 G
[2025-05-19 14:38:08] Attempting to insert product: {'name': 'KÉTCHUP HEINZ TOMATO 460 G', 'price': 2.85, 'category': 'Sal, salsas y especias', 'store_id': 'condisline', 'quantity': '6,20€/Kilo'}
[2025-05-19 14:38:08] Supabase Response: data=[{'name': 'KÉTCHUP HEINZ TOMATO 460 G', 'price': 2.85, 'category': 'Sal, salsas y especias', 'store_id': 'condisline', 'quantity': '6,20€/Kilo', 'id': '4efbd44b-4bbe-4c85-9dc0-0017c887901d', 'created_at': '2025-05-19T11:38:10.573498'}] count=None
[2025-05-19 14:38:08] ✅ Successfully inserted: KÉTCHUP HEINZ TOMATO 460 G
[2025-05-19 14:38:08] Attempting to insert product: {'name': 'KÉTCHUP HEINZ 50% AZÚCAR 500 ML', 'price': 3.39, 'category': 'Sal, salsas y especias', 'store_id': 'condisline', 'quantity': '6,78€/Kilo'}
[2025-05-19 14:38:09] Supabase Response: data=[{'name': 'KÉTCHUP HEINZ 50% AZÚCAR 500 ML', 'price': 3.39, 'category': 'Sal, salsas y especias', 'store_id': 'condisline', 'quantity': '6,78€/Kilo', 'id': '498b85d1-43eb-4973-89fb-2788244000d5', 'created_at': '2025-05-19T11:38:10.890041'}] count=None
[2025-05-19 14:38:09] ✅ Successfully inserted: KÉTCHUP HEINZ 50% AZÚCAR 500 ML
[2025-05-19 14:38:09] Attempting to insert product: {'name': 'MAYONESA HEINZ DELICIOSA PET 400 G', 'price': 2.49, 'category': 'Sal, salsas y especias', 'store_id': 'condisline', 'quantity': '6,23€/Kilo'}
[2025-05-19 14:38:09] Supabase Response: data=[{'name': 'MAYONESA HEINZ DELICIOSA PET 400 G', 'price': 2.49, 'category': 'Sal, salsas y especias', 'store_id': 'condisline', 'quantity': '6,23€/Kilo', 'id': 'f4c41fa2-f1ca-4222-9633-edffa74bea76', 'created_at': '2025-05-19T11:38:11.118526'}] count=None
[2025-05-19 14:38:09] ✅ Successfully inserted: MAYONESA HEINZ DELICIOSA PET 400 G
[2025-05-19 14:38:09] Attempting to insert product: {'name': 'SALSA CALVÉ CASERA 430 G', 'price': 1.85, 'category': 'Sal, salsas y especias', 'store_id': 'condisline', 'quantity': '4,30€/Kilo'}
[2025-05-19 14:38:09] Supabase Response: data=[{'name': 'SALSA CALVÉ CASERA 430 G', 'price': 1.85, 'category': 'Sal, salsas y especias', 'store_id': 'condisline', 'quantity': '4,30€/Kilo', 'id': 'd1dee64a-781d-458c-9a92-51b682559a6e', 'created_at': '2025-05-19T11:38:11.627747'}] count=None
[2025-05-19 14:38:09] ✅ Successfully inserted: SALSA CALVÉ CASERA 430 G
[2025-05-19 14:38:09] Attempting to insert product: {'name': 'SALSA HEINZ SOJA 150 ML', 'price': 2.49, 'category': 'Sal, salsas y especias', 'store_id': 'condisline', 'quantity': '16,60€/Litro'}
[2025-05-19 14:38:10] Supabase Response: data=[{'name': 'SALSA HEINZ SOJA 150 ML', 'price': 2.49, 'category': 'Sal, salsas y especias', 'store_id': 'condisline', 'quantity': '16,60€/Litro', 'id': '78e4a446-0922-4dd9-8f96-6c14b01eb41b', 'created_at': '2025-05-19T11:38:12.048255'}] count=None
[2025-05-19 14:38:10] ✅ Successfully inserted: SALSA HEINZ SOJA 150 ML
[2025-05-19 14:38:10] Attempting to insert product: {'name': 'SALSA PRÉSIDENT BECHAMEL 2 UNIDADES', 'price': 3.99, 'category': 'Sal, salsas y especias', 'store_id': 'condisline', 'quantity': '7,98€/Litro'}
[2025-05-19 14:38:11] Supabase Response: data=[{'name': 'SALSA PRÉSIDENT BECHAMEL 2 UNIDADES', 'price': 3.99, 'category': 'Sal, salsas y especias', 'store_id': 'condisline', 'quantity': '7,98€/Litro', 'id': '7144a975-147a-48fd-9566-7c879cf27508', 'created_at': '2025-05-19T11:38:12.715969'}] count=None
[2025-05-19 14:38:11] ✅ Successfully inserted: SALSA PRÉSIDENT BECHAMEL 2 UNIDADES
[2025-05-19 14:38:11] Attempting to insert product: {'name': 'KETCHUP PRIMA ORIGINAL 540 G', 'price': 2.39, 'category': 'Sal, salsas y especias', 'store_id': 'condisline', 'quantity': '4,43€/Kilo'}
[2025-05-19 14:38:11] Supabase Response: data=[{'name': 'KETCHUP PRIMA ORIGINAL 540 G', 'price': 2.39, 'category': 'Sal, salsas y especias', 'store_id': 'condisline', 'quantity': '4,43€/Kilo', 'id': 'fbf8cdad-f777-48dd-9f4c-a295b19fa837', 'created_at': '2025-05-19T11:38:13.156986'}] count=None
[2025-05-19 14:38:11] ✅ Successfully inserted: KETCHUP PRIMA ORIGINAL 540 G
[2025-05-19 14:38:11] Attempting to insert product: {'name': 'SALSA PRÉSIDENT BECHAMEL SIN GLUTEN 500 ML', 'price': 3.29, 'category': 'Sal, salsas y especias', 'store_id': 'condisline', 'quantity': '6,58€/Kilo'}
[2025-05-19 14:38:11] Supabase Response: data=[{'name': 'SALSA PRÉSIDENT BECHAMEL SIN GLUTEN 500 ML', 'price': 3.29, 'category': 'Sal, salsas y especias', 'store_id': 'condisline', 'quantity': '6,58€/Kilo', 'id': 'f245a9e4-76df-4305-b0d2-a5fcf16d8bfd', 'created_at': '2025-05-19T11:38:13.443668'}] count=None
[2025-05-19 14:38:11] ✅ Successfully inserted: SALSA PRÉSIDENT BECHAMEL SIN GLUTEN 500 ML
[2025-05-19 14:38:11] Attempting to insert product: {'name': 'TOMATE REALFOODIN FRITO TARRO 300 G', 'price': 2.95, 'category': 'Sal, salsas y especias', 'store_id': 'condisline', 'quantity': '9,83€/Kilo'}
[2025-05-19 14:38:11] Supabase Response: data=[{'name': 'TOMATE REALFOODIN FRITO TARRO 300 G', 'price': 2.95, 'category': 'Sal, salsas y especias', 'store_id': 'condisline', 'quantity': '9,83€/Kilo', 'id': '7877ba9f-d3e7-4021-8013-47591ced7255', 'created_at': '2025-05-19T11:38:13.683425'}] count=None
[2025-05-19 14:38:11] ✅ Successfully inserted: TOMATE REALFOODIN FRITO TARRO 300 G
[2025-05-19 14:38:11] Attempting to insert product: {'name': 'SALSA YBARRA COCKTAIL 225 G', 'price': 1.55, 'category': 'Sal, salsas y especias', 'store_id': 'condisline', 'quantity': '6,89€/Kilo'}
[2025-05-19 14:38:12] Supabase Response: data=[{'name': 'SALSA YBARRA COCKTAIL 225 G', 'price': 1.55, 'category': 'Sal, salsas y especias', 'store_id': 'condisline', 'quantity': '6,89€/Kilo', 'id': '10c91365-1a23-43fa-a692-6af7708a3c09', 'created_at': '2025-05-19T11:38:13.943044'}] count=None
[2025-05-19 14:38:12] ✅ Successfully inserted: SALSA YBARRA COCKTAIL 225 G
[2025-05-19 14:38:12] Attempting to insert product: {'name': 'TOMATE ORLANDO FRITO CRISTAL 340 G', 'price': 1.0, 'category': 'Sal, salsas y especias', 'store_id': 'condisline', 'quantity': '2,94€/Kilo'}
[2025-05-19 14:38:13] Supabase Response: data=[{'name': 'TOMATE ORLANDO FRITO CRISTAL 340 G', 'price': 1.0, 'category': 'Sal, salsas y especias', 'store_id': 'condisline', 'quantity': '2,94€/Kilo', 'id': '7b8fbd91-9a8f-41d2-bf2c-813025c4baa0', 'created_at': '2025-05-19T11:38:14.662526'}] count=None
[2025-05-19 14:38:13] ✅ Successfully inserted: TOMATE ORLANDO FRITO CRISTAL 340 G
[2025-05-19 14:38:13] Attempting to insert product: {'name': 'MAYONESA PRIMA ORIGINAL 400 G', 'price': 1.79, 'category': 'Sal, salsas y especias', 'store_id': 'condisline', 'quantity': '4,48€/Kilo'}
[2025-05-19 14:38:13] Supabase Response: data=[{'name': 'MAYONESA PRIMA ORIGINAL 400 G', 'price': 1.79, 'category': 'Sal, salsas y especias', 'store_id': 'condisline', 'quantity': '4,48€/Kilo', 'id': '31383a9a-5d91-415b-b458-80cf09d959d8', 'created_at': '2025-05-19T11:38:15.183581'}] count=None
[2025-05-19 14:38:13] ✅ Successfully inserted: MAYONESA PRIMA ORIGINAL 400 G
[2025-05-19 14:38:13] Attempting to insert product: {'name': 'SALSA CHOVI KEBAB WHITE 250 G', 'price': 2.19, 'category': 'Sal, salsas y especias', 'store_id': 'condisline', 'quantity': '8,76€/Kilo'}
[2025-05-19 14:38:13] Supabase Response: data=[{'name': 'SALSA CHOVI KEBAB WHITE 250 G', 'price': 2.19, 'category': 'Sal, salsas y especias', 'store_id': 'condisline', 'quantity': '8,76€/Kilo', 'id': '838106b8-e554-4f6b-a417-de8737859403', 'created_at': '2025-05-19T11:38:15.402079'}] count=None
[2025-05-19 14:38:13] ✅ Successfully inserted: SALSA CHOVI KEBAB WHITE 250 G
[2025-05-19 14:38:13] Attempting to insert product: {'name': 'TOMATE SOLÍS FRITO FRASCO 360 G', 'price': 1.49, 'category': 'Sal, salsas y especias', 'store_id': 'condisline', 'quantity': '4,14€/Kilo'}
[2025-05-19 14:38:15] Supabase Response: data=[{'name': 'TOMATE SOLÍS FRITO FRASCO 360 G', 'price': 1.49, 'category': 'Sal, salsas y especias', 'store_id': 'condisline', 'quantity': '4,14€/Kilo', 'id': '76e36f69-3810-4c48-ab2f-bd01e3714e15', 'created_at': '2025-05-19T11:38:15.67991'}] count=None
[2025-05-19 14:38:15] ✅ Successfully inserted: TOMATE SOLÍS FRITO FRASCO 360 G
[2025-05-19 14:38:15] Attempting to insert product: {'name': 'SOFRITO TOMATE CASERO FERRER 350 G', 'price': 2.25, 'category': 'Sal, salsas y especias', 'store_id': 'condisline', 'quantity': '6,43€/Kilo'}
[2025-05-19 14:38:15] Supabase Response: data=[{'name': 'SOFRITO TOMATE CASERO FERRER 350 G', 'price': 2.25, 'category': 'Sal, salsas y especias', 'store_id': 'condisline', 'quantity': '6,43€/Kilo', 'id': '5a24efc9-1834-4676-9bf5-d8a645597139', 'created_at': '2025-05-19T11:38:17.123714'}] count=None
[2025-05-19 14:38:15] ✅ Successfully inserted: SOFRITO TOMATE CASERO FERRER 350 G
[2025-05-19 14:38:15] Attempting to insert product: {'name': 'TOMATE FRITO SOLÍS 350 G', 'price': 0.89, 'category': 'Sal, salsas y especias', 'store_id': 'condisline', 'quantity': '2,54€/Kilo'}
[2025-05-19 14:38:15] Supabase Response: data=[{'name': 'TOMATE FRITO SOLÍS 350 G', 'price': 0.89, 'category': 'Sal, salsas y especias', 'store_id': 'condisline', 'quantity': '2,54€/Kilo', 'id': 'b30bcc42-1d0a-42e9-b582-26795a90a494', 'created_at': '2025-05-19T11:38:17.452911'}] count=None
[2025-05-19 14:38:15] ✅ Successfully inserted: TOMATE FRITO SOLÍS 350 G
[2025-05-19 14:38:15] Attempting to insert product: {'name': 'TOMATE FRITO FERRER CASERO ACEITE OLIVA 350 G', 'price': 2.35, 'category': 'Sal, salsas y especias', 'store_id': 'condisline', 'quantity': '6,71€/Kilo'}
[2025-05-19 14:38:16] Supabase Response: data=[{'name': 'TOMATE FRITO FERRER CASERO ACEITE OLIVA 350 G', 'price': 2.35, 'category': 'Sal, salsas y especias', 'store_id': 'condisline', 'quantity': '6,71€/Kilo', 'id': 'fcd56ceb-16ae-4883-a1b7-d9969a8cae0a', 'created_at': '2025-05-19T11:38:17.947764'}] count=None
[2025-05-19 14:38:16] ✅ Successfully inserted: TOMATE FRITO FERRER CASERO ACEITE OLIVA 350 G
[2025-05-19 14:38:16] Attempting to insert product: {'name': 'SAL MARINA CONDIS 1 KG', 'price': 0.35, 'category': 'Sal, salsas y especias', 'store_id': 'condisline', 'quantity': '0,35€/Kilo'}
[2025-05-19 14:38:17] Supabase Response: data=[{'name': 'SAL MARINA CONDIS 1 KG', 'price': 0.35, 'category': 'Sal, salsas y especias', 'store_id': 'condisline', 'quantity': '0,35€/Kilo', 'id': '765d0b0d-d556-469e-be27-f7275208153f', 'created_at': '2025-05-19T11:38:18.68286'}] count=None
[2025-05-19 14:38:17] ✅ Successfully inserted: SAL MARINA CONDIS 1 KG
[2025-05-19 14:38:17] Attempting to insert product: {'name': 'TOMATE FRITO CONDIS 390 G', 'price': 0.65, 'category': 'Sal, salsas y especias', 'store_id': 'condisline', 'quantity': '1,67€/Kilo'}
[2025-05-19 14:38:17] Supabase Response: data=[{'name': 'TOMATE FRITO CONDIS 390 G', 'price': 0.65, 'category': 'Sal, salsas y especias', 'store_id': 'condisline', 'quantity': '1,67€/Kilo', 'id': 'dc55b566-1acf-4aef-9cba-987b489e80a8', 'created_at': '2025-05-19T11:38:19.091083'}] count=None
[2025-05-19 14:38:17] ✅ Successfully inserted: TOMATE FRITO CONDIS 390 G
[2025-05-19 14:38:17] Attempting to insert product: {'name': 'TOMATE FRITO SOLÍS 725 G', 'price': 2.65, 'category': 'Sal, salsas y especias', 'store_id': 'condisline', 'quantity': '3,66€/Kilo'}
[2025-05-19 14:38:18] Supabase Response: data=[{'name': 'TOMATE FRITO SOLÍS 725 G', 'price': 2.65, 'category': 'Sal, salsas y especias', 'store_id': 'condisline', 'quantity': '3,66€/Kilo', 'id': '7aaac780-a11b-4e25-9f77-471dcf2fb13f', 'created_at': '2025-05-19T11:38:19.900602'}] count=None
[2025-05-19 14:38:18] ✅ Successfully inserted: TOMATE FRITO SOLÍS 725 G
[2025-05-19 14:38:18] Attempting to insert product: {'name': 'TOMATE FRITO CONDIS PACK 3 UNIDADES 630 G', 'price': 1.0, 'category': 'Sal, salsas y especias', 'store_id': 'condisline', 'quantity': '1,59€/Kilo'}
[2025-05-19 14:38:19] Supabase Response: data=[{'name': 'TOMATE FRITO CONDIS PACK 3 UNIDADES 630 G', 'price': 1.0, 'category': 'Sal, salsas y especias', 'store_id': 'condisline', 'quantity': '1,59€/Kilo', 'id': 'ffabdade-00dc-41f1-bc87-cbe5e31270d0', 'created_at': '2025-05-19T11:38:20.742852'}] count=None
[2025-05-19 14:38:19] ✅ Successfully inserted: TOMATE FRITO CONDIS PACK 3 UNIDADES 630 G
[2025-05-19 14:38:19] Attempting to insert product: {'name': 'SOFRITO GALLINA BLANCA TOMATE CEBOLLA 350 G', 'price': 2.25, 'category': 'Sal, salsas y especias', 'store_id': 'condisline', 'quantity': '6,43€/Kilo'}
[2025-05-19 14:38:19] Supabase Response: data=[{'name': 'SOFRITO GALLINA BLANCA TOMATE CEBOLLA 350 G', 'price': 2.25, 'category': 'Sal, salsas y especias', 'store_id': 'condisline', 'quantity': '6,43€/Kilo', 'id': 'f4e5e30b-b634-45e8-8d84-5c103c871ed3', 'created_at': '2025-05-19T11:38:21.210382'}] count=None
[2025-05-19 14:38:19] ✅ Successfully inserted: SOFRITO GALLINA BLANCA TOMATE CEBOLLA 350 G
[2025-05-19 14:38:19] Attempting to insert product: {'name': "MAYONESA HELLMANN'S 450 G", 'price': 3.25, 'category': 'Sal, salsas y especias', 'store_id': 'condisline', 'quantity': '7,22€/Kilo'}
[2025-05-19 14:38:20] Supabase Response: data=[{'name': "MAYONESA HELLMANN'S 450 G", 'price': 3.25, 'category': 'Sal, salsas y especias', 'store_id': 'condisline', 'quantity': '7,22€/Kilo', 'id': '39bcda69-fc57-429c-a6c4-7614e5a16ae5', 'created_at': '2025-05-19T11:38:21.579972'}] count=None
[2025-05-19 14:38:20] ✅ Successfully inserted: MAYONESA HELLMANN'S 450 G
[2025-05-19 14:38:20] Attempting to insert product: {'name': 'TOMATE FRITO SOLÍS 140 G', 'price': 0.82, 'category': 'Sal, salsas y especias', 'store_id': 'condisline', 'quantity': '5,86€/Kilo'}
[2025-05-19 14:38:20] Supabase Response: data=[{'name': 'TOMATE FRITO SOLÍS 140 G', 'price': 0.82, 'category': 'Sal, salsas y especias', 'store_id': 'condisline', 'quantity': '5,86€/Kilo', 'id': 'ccf14b0d-6d38-4a0c-ac39-9a6191103e3d', 'created_at': '2025-05-19T11:38:22.293669'}] count=None
[2025-05-19 14:38:20] ✅ Successfully inserted: TOMATE FRITO SOLÍS 140 G
[2025-05-19 14:38:20] Attempting to insert product: {'name': 'SALSA FINA LIGERESA ORIGINAL 210 ML', 'price': 1.59, 'category': 'Sal, salsas y especias', 'store_id': 'condisline', 'quantity': '7,57€/Kilo'}
[2025-05-19 14:38:20] Supabase Response: data=[{'name': 'SALSA FINA LIGERESA ORIGINAL 210 ML', 'price': 1.59, 'category': 'Sal, salsas y especias', 'store_id': 'condisline', 'quantity': '7,57€/Kilo', 'id': '26aa843f-aeb4-4be4-8fae-5ab6df095c73', 'created_at': '2025-05-19T11:38:22.656573'}] count=None
[2025-05-19 14:38:20] ✅ Successfully inserted: SALSA FINA LIGERESA ORIGINAL 210 ML
[2025-05-19 14:38:20] Attempting to insert product: {'name': 'TOMATE FRITO CASERO SOLÍS 350 G', 'price': 1.85, 'category': 'Sal, salsas y especias', 'store_id': 'condisline', 'quantity': '5,29€/Kilo'}
[2025-05-19 14:38:21] Supabase Response: data=[{'name': 'TOMATE FRITO CASERO SOLÍS 350 G', 'price': 1.85, 'category': 'Sal, salsas y especias', 'store_id': 'condisline', 'quantity': '5,29€/Kilo', 'id': 'bb7aabc0-0e22-49cc-a1a9-cdbd7283b8c2', 'created_at': '2025-05-19T11:38:22.957643'}] count=None
[2025-05-19 14:38:21] ✅ Successfully inserted: TOMATE FRITO CASERO SOLÍS 350 G
[2025-05-19 14:38:21] Attempting to insert product: {'name': "MAYONESA HELLMANN'S 225 G", 'price': 1.95, 'category': 'Sal, salsas y especias', 'store_id': 'condisline', 'quantity': '8,67€/Kilo'}
[2025-05-19 14:38:21] Supabase Response: data=[{'name': "MAYONESA HELLMANN'S 225 G", 'price': 1.95, 'category': 'Sal, salsas y especias', 'store_id': 'condisline', 'quantity': '8,67€/Kilo', 'id': '539934e3-7f67-4d74-92ce-97bf3e5ac139', 'created_at': '2025-05-19T11:38:23.29193'}] count=None
[2025-05-19 14:38:21] ✅ Successfully inserted: MAYONESA HELLMANN'S 225 G
[2025-05-19 14:38:21] Attempting to insert product: {'name': 'SAL COSTA YODO + FLÚOR 1 KG', 'price': 0.85, 'category': 'Sal, salsas y especias', 'store_id': 'condisline', 'quantity': '0,85€/Kilo'}
[2025-05-19 14:38:21] Supabase Response: data=[{'name': 'SAL COSTA YODO + FLÚOR 1 KG', 'price': 0.85, 'category': 'Sal, salsas y especias', 'store_id': 'condisline', 'quantity': '0,85€/Kilo', 'id': '67a138fd-c6ad-4a2e-b933-1088561864ed', 'created_at': '2025-05-19T11:38:23.681214'}] count=None
[2025-05-19 14:38:21] ✅ Successfully inserted: SAL COSTA YODO + FLÚOR 1 KG
[2025-05-19 14:38:21] Attempting to insert product: {'name': "MAYONESA HELLMANN'S BOCABAJO 430 ML", 'price': 3.49, 'category': 'Sal, salsas y especias', 'store_id': 'condisline', 'quantity': '8,12€/Kilo'}
[2025-05-19 14:38:22] Supabase Response: data=[{'name': "MAYONESA HELLMANN'S BOCABAJO 430 ML", 'price': 3.49, 'category': 'Sal, salsas y especias', 'store_id': 'condisline', 'quantity': '8,12€/Kilo', 'id': '6163355e-f88a-400d-90e6-9a79a559bd1b', 'created_at': '2025-05-19T11:38:23.98814'}] count=None
[2025-05-19 14:38:22] ✅ Successfully inserted: MAYONESA HELLMANN'S BOCABAJO 430 ML
[2025-05-19 14:38:22] Attempting to insert product: {'name': 'TOMATE CONDIS FRITO VIDRIO 560 G', 'price': 0.95, 'category': 'Sal, salsas y especias', 'store_id': 'condisline', 'quantity': '1,70€/Kilo'}
[2025-05-19 14:38:22] Supabase Response: data=[{'name': 'TOMATE CONDIS FRITO VIDRIO 560 G', 'price': 0.95, 'category': 'Sal, salsas y especias', 'store_id': 'condisline', 'quantity': '1,70€/Kilo', 'id': '9156b589-8bec-4e9c-a9c7-eb4b2de04a49', 'created_at': '2025-05-19T11:38:24.216926'}] count=None
[2025-05-19 14:38:22] ✅ Successfully inserted: TOMATE CONDIS FRITO VIDRIO 560 G
[2025-05-19 14:38:22] Attempting to insert product: {'name': 'SALSA BARILLA PESTO GENOVESE 190 G', 'price': 2.99, 'category': 'Sal, salsas y especias', 'store_id': 'condisline', 'quantity': '15,74€/Kilo'}
[2025-05-19 14:38:22] Supabase Response: data=[{'name': 'SALSA BARILLA PESTO GENOVESE 190 G', 'price': 2.99, 'category': 'Sal, salsas y especias', 'store_id': 'condisline', 'quantity': '15,74€/Kilo', 'id': 'cb4ff62d-89ca-47af-9af4-b0577eb9c17f', 'created_at': '2025-05-19T11:38:24.492868'}] count=None
[2025-05-19 14:38:22] ✅ Successfully inserted: SALSA BARILLA PESTO GENOVESE 190 G
[2025-05-19 14:38:22] Attempting to insert product: {'name': 'KÉTCHUP HEINZ TOMATO 700 G', 'price': 3.75, 'category': 'Sal, salsas y especias', 'store_id': 'condisline', 'quantity': '5,36€/Kilo'}
[2025-05-19 14:38:23] Supabase Response: data=[{'name': 'KÉTCHUP HEINZ TOMATO 700 G', 'price': 3.75, 'category': 'Sal, salsas y especias', 'store_id': 'condisline', 'quantity': '5,36€/Kilo', 'id': 'cef4bf52-4c20-4a4d-b5a1-a57b5a52935c', 'created_at': '2025-05-19T11:38:24.814373'}] count=None
[2025-05-19 14:38:23] ✅ Successfully inserted: KÉTCHUP HEINZ TOMATO 700 G
[2025-05-19 14:38:23] Attempting to insert product: {'name': 'TOMATE FRITO SOLIS CASERO 3 UNIDADES X 100 G', 'price': 2.15, 'category': 'Sal, salsas y especias', 'store_id': 'condisline', 'quantity': '7,17€/Kilo'}
[2025-05-19 14:38:23] Supabase Response: data=[{'name': 'TOMATE FRITO SOLIS CASERO 3 UNIDADES X 100 G', 'price': 2.15, 'category': 'Sal, salsas y especias', 'store_id': 'condisline', 'quantity': '7,17€/Kilo', 'id': 'f46048ad-8538-45e0-be14-b5331f0b9e52', 'created_at': '2025-05-19T11:38:25.102218'}] count=None
[2025-05-19 14:38:23] ✅ Successfully inserted: TOMATE FRITO SOLIS CASERO 3 UNIDADES X 100 G
[2025-05-19 14:38:23] Attempting to insert product: {'name': 'SOFRITO GALLINA BLANCA TOMATE Y VERDURAS 350 G', 'price': 2.25, 'category': 'Sal, salsas y especias', 'store_id': 'condisline', 'quantity': '6,43€/Kilo'}
[2025-05-19 14:38:23] Supabase Response: data=[{'name': 'SOFRITO GALLINA BLANCA TOMATE Y VERDURAS 350 G', 'price': 2.25, 'category': 'Sal, salsas y especias', 'store_id': 'condisline', 'quantity': '6,43€/Kilo', 'id': '92a79a88-ebe0-4e7c-a680-f1ea45731e12', 'created_at': '2025-05-19T11:38:25.445453'}] count=None
[2025-05-19 14:38:23] ✅ Successfully inserted: SOFRITO GALLINA BLANCA TOMATE Y VERDURAS 350 G
[2025-05-19 14:38:23] Attempting to insert product: {'name': 'TOMATE FRITO ORLANDO 780 G', 'price': 1.95, 'category': 'Sal, salsas y especias', 'store_id': 'condisline', 'quantity': '2,50€/Kilo'}
[2025-05-19 14:38:23] Supabase Response: data=[{'name': 'TOMATE FRITO ORLANDO 780 G', 'price': 1.95, 'category': 'Sal, salsas y especias', 'store_id': 'condisline', 'quantity': '2,50€/Kilo', 'id': 'c3443dcf-418c-4356-934a-895a5dfc203a', 'created_at': '2025-05-19T11:38:25.729722'}] count=None
[2025-05-19 14:38:23] ✅ Successfully inserted: TOMATE FRITO ORLANDO 780 G
[2025-05-19 14:38:23] Attempting to insert product: {'name': 'SALSA FINA LIGERESA ORIGINAL TARRO 425 ML', 'price': 2.35, 'category': 'Sal, salsas y especias', 'store_id': 'condisline', 'quantity': '5,53€/Kilo'}
[2025-05-19 14:38:24] Supabase Response: data=[{'name': 'SALSA FINA LIGERESA ORIGINAL TARRO 425 ML', 'price': 2.35, 'category': 'Sal, salsas y especias', 'store_id': 'condisline', 'quantity': '5,53€/Kilo', 'id': 'cf23e6c2-b29a-46bc-92d2-a75cbe9baff0', 'created_at': '2025-05-19T11:38:26.039565'}] count=None
[2025-05-19 14:38:24] ✅ Successfully inserted: SALSA FINA LIGERESA ORIGINAL TARRO 425 ML
[2025-05-19 14:38:24] Attempting to insert product: {'name': 'TOMATE SOLIS FRASCO ACEITE OLIVA 360 G', 'price': 1.69, 'category': 'Sal, salsas y especias', 'store_id': 'condisline', 'quantity': '4,69€/Kilo'}
[2025-05-19 14:38:24] Supabase Response: data=[{'name': 'TOMATE SOLIS FRASCO ACEITE OLIVA 360 G', 'price': 1.69, 'category': 'Sal, salsas y especias', 'store_id': 'condisline', 'quantity': '4,69€/Kilo', 'id': '42697fd0-5526-4f56-841c-8179138003af', 'created_at': '2025-05-19T11:38:26.252991'}] count=None
[2025-05-19 14:38:24] ✅ Successfully inserted: TOMATE SOLIS FRASCO ACEITE OLIVA 360 G
[2025-05-19 14:38:24] Attempting to insert product: {'name': 'PIMIENTA CONDIS NEGRA MOLIDA 45 G', 'price': 1.05, 'category': 'Sal, salsas y especias', 'store_id': 'condisline', 'quantity': '23,33€/Kilo'}
[2025-05-19 14:38:24] Supabase Response: data=[{'name': 'PIMIENTA CONDIS NEGRA MOLIDA 45 G', 'price': 1.05, 'category': 'Sal, salsas y especias', 'store_id': 'condisline', 'quantity': '23,33€/Kilo', 'id': 'e74989df-59ed-4a82-ba9f-00d2b06961ed', 'created_at': '2025-05-19T11:38:26.483769'}] count=None
[2025-05-19 14:38:24] ✅ Successfully inserted: PIMIENTA CONDIS NEGRA MOLIDA 45 G
[2025-05-19 14:38:24] Attempting to insert product: {'name': 'LAUREL HOJA DANI BOLSA 10 G', 'price': 0.95, 'category': 'Sal, salsas y especias', 'store_id': 'condisline', 'quantity': ''}
[2025-05-19 14:38:25] Supabase Response: data=[{'name': 'LAUREL HOJA DANI BOLSA 10 G', 'price': 0.95, 'category': 'Sal, salsas y especias', 'store_id': 'condisline', 'quantity': '', 'id': '21f41ab3-a567-40f7-8369-39418d749769', 'created_at': '2025-05-19T11:38:26.86854'}] count=None
[2025-05-19 14:38:25] ✅ Successfully inserted: LAUREL HOJA DANI BOLSA 10 G
[2025-05-19 14:38:25] Attempting to insert product: {'name': 'BICARBONATO SAL COSTA USO DOMESTICO 200 G', 'price': 1.07, 'category': 'Sal, salsas y especias', 'store_id': 'condisline', 'quantity': '5,35€/Kilo'}
[2025-05-19 14:38:25] Supabase Response: data=[{'name': 'BICARBONATO SAL COSTA USO DOMESTICO 200 G', 'price': 1.07, 'category': 'Sal, salsas y especias', 'store_id': 'condisline', 'quantity': '5,35€/Kilo', 'id': '71e1ea1b-a449-496b-bbc2-51a6521d43af', 'created_at': '2025-05-19T11:38:27.22355'}] count=None
[2025-05-19 14:38:25] ✅ Successfully inserted: BICARBONATO SAL COSTA USO DOMESTICO 200 G
[2025-05-19 14:38:25] Attempting to insert product: {'name': 'TOMATE FRITO ORLANDO 350 G', 'price': 0.99, 'category': 'Sal, salsas y especias', 'store_id': 'condisline', 'quantity': '2,83€/Kilo'}
[2025-05-19 14:38:25] Supabase Response: data=[{'name': 'TOMATE FRITO ORLANDO 350 G', 'price': 0.99, 'category': 'Sal, salsas y especias', 'store_id': 'condisline', 'quantity': '2,83€/Kilo', 'id': '1a52efe7-fe69-447b-b8ee-6dc79059a622', 'created_at': '2025-05-19T11:38:27.445457'}] count=None
[2025-05-19 14:38:25] ✅ Successfully inserted: TOMATE FRITO ORLANDO 350 G
[2025-05-19 14:38:25] Attempting to insert product: {'name': 'OREGANO CONDIS HOJA 1 UNIDAD', 'price': 0.79, 'category': 'Sal, salsas y especias', 'store_id': 'condisline', 'quantity': '71,82€/Kilo'}
[2025-05-19 14:38:25] Supabase Response: data=[{'name': 'OREGANO CONDIS HOJA 1 UNIDAD', 'price': 0.79, 'category': 'Sal, salsas y especias', 'store_id': 'condisline', 'quantity': '71,82€/Kilo', 'id': 'e26f57ab-5ae3-46f9-ad2b-051f6b6280b9', 'created_at': '2025-05-19T11:38:27.795141'}] count=None
[2025-05-19 14:38:25] ✅ Successfully inserted: OREGANO CONDIS HOJA 1 UNIDAD
[2025-05-19 14:38:25] Attempting to insert product: {'name': 'SALSA GALLO PESTO 190 G', 'price': 2.53, 'category': 'Sal, salsas y especias', 'store_id': 'condisline', 'quantity': '13,32€/Kilo'}
[2025-05-19 14:38:26] Supabase Response: data=[{'name': 'SALSA GALLO PESTO 190 G', 'price': 2.53, 'category': 'Sal, salsas y especias', 'store_id': 'condisline', 'quantity': '13,32€/Kilo', 'id': '2ceecd21-0695-4792-aa23-a4a75ab96027', 'created_at': '2025-05-19T11:38:28.033922'}] count=None
[2025-05-19 14:38:26] ✅ Successfully inserted: SALSA GALLO PESTO 190 G
[2025-05-19 14:38:26] Attempting to insert product: {'name': 'MAYONESA CONDIS PET BOCABAJO 475 G', 'price': 1.59, 'category': 'Sal, salsas y especias', 'store_id': 'condisline', 'quantity': '3,35€/Kilo'}
[2025-05-19 14:38:26] Supabase Response: data=[{'name': 'MAYONESA CONDIS PET BOCABAJO 475 G', 'price': 1.59, 'category': 'Sal, salsas y especias', 'store_id': 'condisline', 'quantity': '3,35€/Kilo', 'id': 'd79f18f1-efe9-4802-b4ed-89e15a2e9418', 'created_at': '2025-05-19T11:38:28.277261'}] count=None
[2025-05-19 14:38:26] ✅ Successfully inserted: MAYONESA CONDIS PET BOCABAJO 475 G
[2025-05-19 14:38:26] Attempting to insert product: {'name': 'SALSA GALLO BOLOÑESA 230 G', 'price': 2.15, 'category': 'Sal, salsas y especias', 'store_id': 'condisline', 'quantity': '9,35€/Kilo'}
[2025-05-19 14:38:26] Supabase Response: data=[{'name': 'SALSA GALLO BOLOÑESA 230 G', 'price': 2.15, 'category': 'Sal, salsas y especias', 'store_id': 'condisline', 'quantity': '9,35€/Kilo', 'id': 'd8c454bb-7f01-403e-af03-0d886e550315', 'created_at': '2025-05-19T11:38:28.495972'}] count=None
[2025-05-19 14:38:26] ✅ Successfully inserted: SALSA GALLO BOLOÑESA 230 G
[2025-05-19 14:38:26] Attempting to insert product: {'name': 'AJO  MOLIDO CONDIS 55 G', 'price': 1.01, 'category': 'Sal, salsas y especias', 'store_id': 'condisline', 'quantity': '18,36€/Kilo'}
[2025-05-19 14:38:27] Supabase Response: data=[{'name': 'AJO  MOLIDO CONDIS 55 G', 'price': 1.01, 'category': 'Sal, salsas y especias', 'store_id': 'condisline', 'quantity': '18,36€/Kilo', 'id': 'ea4f1b14-18db-4180-a066-0b4c822f2a78', 'created_at': '2025-05-19T11:38:29.04345'}] count=None
[2025-05-19 14:38:27] ✅ Successfully inserted: AJO  MOLIDO CONDIS 55 G
[2025-05-19 14:38:27] Attempting to insert product: {'name': 'SALSA FINA LIGERESA BOCABAJO 430 ML', 'price': 2.65, 'category': 'Sal, salsas y especias', 'store_id': 'condisline', 'quantity': '6,16€/Kilo'}
[2025-05-19 14:38:27] Supabase Response: data=[{'name': 'SALSA FINA LIGERESA BOCABAJO 430 ML', 'price': 2.65, 'category': 'Sal, salsas y especias', 'store_id': 'condisline', 'quantity': '6,16€/Kilo', 'id': 'da2bec04-fd27-44bb-becf-1b3b76be3123', 'created_at': '2025-05-19T11:38:29.414885'}] count=None
[2025-05-19 14:38:27] ✅ Successfully inserted: SALSA FINA LIGERESA BOCABAJO 430 ML
[2025-05-19 14:38:27] Attempting to insert product: {'name': 'SAZONADOR OLD EL PASO FAJITAS 30 G', 'price': 1.39, 'category': 'Sal, salsas y especias', 'store_id': 'condisline', 'quantity': '46,33€/Kilo'}
[2025-05-19 14:38:27] Supabase Response: data=[{'name': 'SAZONADOR OLD EL PASO FAJITAS 30 G', 'price': 1.39, 'category': 'Sal, salsas y especias', 'store_id': 'condisline', 'quantity': '46,33€/Kilo', 'id': 'bfa5d601-3e1c-4e0a-bbc4-5426c15dd04f', 'created_at': '2025-05-19T11:38:29.749171'}] count=None
[2025-05-19 14:38:27] ✅ Successfully inserted: SAZONADOR OLD EL PASO FAJITAS 30 G
[2025-05-19 14:38:27] Attempting to insert product: {'name': 'SALSA HEINZ MOSTAZA SUAVE 220 G', 'price': 2.49, 'category': 'Sal, salsas y especias', 'store_id': 'condisline', 'quantity': '11,32€/Kilo'}
[2025-05-19 14:38:28] Supabase Response: data=[{'name': 'SALSA HEINZ MOSTAZA SUAVE 220 G', 'price': 2.49, 'category': 'Sal, salsas y especias', 'store_id': 'condisline', 'quantity': '11,32€/Kilo', 'id': '40f298b0-1ad9-4eb0-bcc6-cb9e6b36c3a5', 'created_at': '2025-05-19T11:38:30.025238'}] count=None
[2025-05-19 14:38:28] ✅ Successfully inserted: SALSA HEINZ MOSTAZA SUAVE 220 G
[2025-05-19 14:38:28] Attempting to insert product: {'name': 'SALSA GALLO BOLOÑESA 350 G', 'price': 2.99, 'category': 'Sal, salsas y especias', 'store_id': 'condisline', 'quantity': '8,54€/Kilo'}
[2025-05-19 14:38:28] Supabase Response: data=[{'name': 'SALSA GALLO BOLOÑESA 350 G', 'price': 2.99, 'category': 'Sal, salsas y especias', 'store_id': 'condisline', 'quantity': '8,54€/Kilo', 'id': '743751a0-ef33-4d12-b6d5-23702f813144', 'created_at': '2025-05-19T11:38:30.386943'}] count=None
[2025-05-19 14:38:28] ✅ Successfully inserted: SALSA GALLO BOLOÑESA 350 G
[2025-05-19 14:38:28] Attempting to insert product: {'name': 'KETCHUP PRIMA CERO AZUCARES 265 G', 'price': 2.19, 'category': 'Sal, salsas y especias', 'store_id': 'condisline', 'quantity': '8,26€/Kilo'}
[2025-05-19 14:38:29] Supabase Response: data=[{'name': 'KETCHUP PRIMA CERO AZUCARES 265 G', 'price': 2.19, 'category': 'Sal, salsas y especias', 'store_id': 'condisline', 'quantity': '8,26€/Kilo', 'id': '201dbfc6-966c-49cf-8d8d-6debd65cfb28', 'created_at': '2025-05-19T11:38:30.722006'}] count=None
[2025-05-19 14:38:29] ✅ Successfully inserted: KETCHUP PRIMA CERO AZUCARES 265 G
[2025-05-19 14:38:29] Attempting to insert product: {'name': 'PISTO GALLINA BLANCA CASERO VERDURAS 350 G', 'price': 2.25, 'category': 'Sal, salsas y especias', 'store_id': 'condisline', 'quantity': '6,43€/Kilo'}
[2025-05-19 14:38:29] Supabase Response: data=[{'name': 'PISTO GALLINA BLANCA CASERO VERDURAS 350 G', 'price': 2.25, 'category': 'Sal, salsas y especias', 'store_id': 'condisline', 'quantity': '6,43€/Kilo', 'id': '88b82b0a-8a2c-48e3-9775-ea782cfa8f3e', 'created_at': '2025-05-19T11:38:31.056218'}] count=None
[2025-05-19 14:38:29] ✅ Successfully inserted: PISTO GALLINA BLANCA CASERO VERDURAS 350 G
[2025-05-19 14:38:29] Attempting to insert product: {'name': 'SAL MARINA FINA ECOLÓGICA ECO CESTA 1 KG', 'price': 1.79, 'category': 'Sal, salsas y especias', 'store_id': 'condisline', 'quantity': '1,79€/Kilo'}
[2025-05-19 14:38:29] Supabase Response: data=[{'name': 'SAL MARINA FINA ECOLÓGICA ECO CESTA 1 KG', 'price': 1.79, 'category': 'Sal, salsas y especias', 'store_id': 'condisline', 'quantity': '1,79€/Kilo', 'id': '526f0056-a409-4ce2-bac0-3864ab9444b4', 'created_at': '2025-05-19T11:38:31.376605'}] count=None
[2025-05-19 14:38:29] ✅ Successfully inserted: SAL MARINA FINA ECOLÓGICA ECO CESTA 1 KG
[2025-05-19 14:38:29] Attempting to insert product: {'name': 'SAL COSTA YODO 1 KG', 'price': 0.85, 'category': 'Sal, salsas y especias', 'store_id': 'condisline', 'quantity': '0,85€/Kilo'}
[2025-05-19 14:38:30] Supabase Response: data=[{'name': 'SAL COSTA YODO 1 KG', 'price': 0.85, 'category': 'Sal, salsas y especias', 'store_id': 'condisline', 'quantity': '0,85€/Kilo', 'id': '11d63bfb-9ed2-4e43-8957-7619f22e0913', 'created_at': '2025-05-19T11:38:31.734513'}] count=None
[2025-05-19 14:38:30] ✅ Successfully inserted: SAL COSTA YODO 1 KG
[2025-05-19 14:38:30] Attempting to insert product: {'name': 'MAYONESA KRAFT TRADICIONAL 500 G', 'price': 2.49, 'category': 'Sal, salsas y especias', 'store_id': 'condisline', 'quantity': '4,98€/Kilo'}
[2025-05-19 14:38:30] Supabase Response: data=[{'name': 'MAYONESA KRAFT TRADICIONAL 500 G', 'price': 2.49, 'category': 'Sal, salsas y especias', 'store_id': 'condisline', 'quantity': '4,98€/Kilo', 'id': '1dc74e1b-5e01-479e-8ede-8d3d2e8687c3', 'created_at': '2025-05-19T11:38:32.096923'}] count=None
[2025-05-19 14:38:30] ✅ Successfully inserted: MAYONESA KRAFT TRADICIONAL 500 G
[2025-05-19 14:38:30] Attempting to insert product: {'name': 'SALSA GALLO NAPOLITANA 350 G', 'price': 2.36, 'category': 'Sal, salsas y especias', 'store_id': 'condisline', 'quantity': '6,74€/Kilo'}
[2025-05-19 14:38:31] Supabase Response: data=[{'name': 'SALSA GALLO NAPOLITANA 350 G', 'price': 2.36, 'category': 'Sal, salsas y especias', 'store_id': 'condisline', 'quantity': '6,74€/Kilo', 'id': '9f37b70a-9bce-486d-8972-197945bf96ba', 'created_at': '2025-05-19T11:38:32.366305'}] count=None
[2025-05-19 14:38:31] ✅ Successfully inserted: SALSA GALLO NAPOLITANA 350 G
[2025-05-19 14:38:31] Attempting to insert product: {'name': 'SALSA GALLO PESTO ROSSO 190 G', 'price': 2.53, 'category': 'Sal, salsas y especias', 'store_id': 'condisline', 'quantity': '13,32€/Kilo'}
[2025-05-19 14:38:31] Supabase Response: data=[{'name': 'SALSA GALLO PESTO ROSSO 190 G', 'price': 2.53, 'category': 'Sal, salsas y especias', 'store_id': 'condisline', 'quantity': '13,32€/Kilo', 'id': 'c5bfe95f-5790-48cb-bed5-c67907e7101e', 'created_at': '2025-05-19T11:38:33.189492'}] count=None
[2025-05-19 14:38:31] ✅ Successfully inserted: SALSA GALLO PESTO ROSSO 190 G
[2025-05-19 14:38:31] Attempting to insert product: {'name': 'TOMATE NATURAL CIRIO ESPECIAL PASTA 700 G', 'price': 3.19, 'category': 'Sal, salsas y especias', 'store_id': 'condisline', 'quantity': '4,56€/Kilo'}
[2025-05-19 14:38:32] Supabase Response: data=[{'name': 'TOMATE NATURAL CIRIO ESPECIAL PASTA 700 G', 'price': 3.19, 'category': 'Sal, salsas y especias', 'store_id': 'condisline', 'quantity': '4,56€/Kilo', 'id': '67a25750-c916-4dc7-8548-425b5f5156ca', 'created_at': '2025-05-19T11:38:33.414583'}] count=None
[2025-05-19 14:38:32] ✅ Successfully inserted: TOMATE NATURAL CIRIO ESPECIAL PASTA 700 G
[2025-05-19 14:38:32] Attempting to insert product: {'name': 'ALL I OLI BO DE DEBÒ  190 G', 'price': 2.25, 'category': 'Sal, salsas y especias', 'store_id': 'condisline', 'quantity': '11,84€/Kilo'}
[2025-05-19 14:38:32] Supabase Response: data=[{'name': 'ALL I OLI BO DE DEBÒ  190 G', 'price': 2.25, 'category': 'Sal, salsas y especias', 'store_id': 'condisline', 'quantity': '11,84€/Kilo', 'id': '2e097ef7-99e1-49ff-8042-62562a5bc05c', 'created_at': '2025-05-19T11:38:34.237181'}] count=None
[2025-05-19 14:38:32] ✅ Successfully inserted: ALL I OLI BO DE DEBÒ  190 G
[2025-05-19 14:38:32] Attempting to insert product: {'name': 'KÉTCHUP CONDIS PET 560 G', 'price': 1.15, 'category': 'Sal, salsas y especias', 'store_id': 'condisline', 'quantity': '2,05€/Kilo'}
[2025-05-19 14:38:33] Supabase Response: data=[{'name': 'KÉTCHUP CONDIS PET 560 G', 'price': 1.15, 'category': 'Sal, salsas y especias', 'store_id': 'condisline', 'quantity': '2,05€/Kilo', 'id': '728edd95-1c06-4a81-a0e9-b6b88696be99', 'created_at': '2025-05-19T11:38:34.532073'}] count=None
[2025-05-19 14:38:33] ✅ Successfully inserted: KÉTCHUP CONDIS PET 560 G
[2025-05-19 14:38:33] Attempting to insert product: {'name': 'SALSA FERRER "ALL I OLI" 130 G', 'price': 1.89, 'category': 'Sal, salsas y especias', 'store_id': 'condisline', 'quantity': '14,54€/Kilo'}
[2025-05-19 14:38:33] Supabase Response: data=[{'name': 'SALSA FERRER "ALL I OLI" 130 G', 'price': 1.89, 'category': 'Sal, salsas y especias', 'store_id': 'condisline', 'quantity': '14,54€/Kilo', 'id': '30ed11a3-7078-4e34-9625-7ed857341961', 'created_at': '2025-05-19T11:38:35.238515'}] count=None
[2025-05-19 14:38:33] ✅ Successfully inserted: SALSA FERRER "ALL I OLI" 130 G
[2025-05-19 14:38:33] Attempting to insert product: {'name': 'TOMATE SOLIS FRITO CASERO 550 G', 'price': 2.49, 'category': 'Sal, salsas y especias', 'store_id': 'condisline', 'quantity': '4,53€/Kilo'}
[2025-05-19 14:38:33] Supabase Response: data=[{'name': 'TOMATE SOLIS FRITO CASERO 550 G', 'price': 2.49, 'category': 'Sal, salsas y especias', 'store_id': 'condisline', 'quantity': '4,53€/Kilo', 'id': 'e42a2f4b-012b-4bc3-b676-f27eba611440', 'created_at': '2025-05-19T11:38:35.557067'}] count=None
[2025-05-19 14:38:33] ✅ Successfully inserted: TOMATE SOLIS FRITO CASERO 550 G
[2025-05-19 14:38:33] Attempting to insert product: {'name': 'CANELA CONDIS MOLIDA 40 G', 'price': 0.79, 'category': 'Sal, salsas y especias', 'store_id': 'condisline', 'quantity': '19,75€/Kilo'}
[2025-05-19 14:38:34] Supabase Response: data=[{'name': 'CANELA CONDIS MOLIDA 40 G', 'price': 0.79, 'category': 'Sal, salsas y especias', 'store_id': 'condisline', 'quantity': '19,75€/Kilo', 'id': '8caedc29-e581-4a02-90b7-b69493a48e0e', 'created_at': '2025-05-19T11:38:35.784748'}] count=None
[2025-05-19 14:38:34] ✅ Successfully inserted: CANELA CONDIS MOLIDA 40 G
[2025-05-19 14:38:34] Attempting to insert product: {'name': 'PIMIENTA CONDIS NEGRA EN GRANO 45 G', 'price': 1.05, 'category': 'Sal, salsas y especias', 'store_id': 'condisline', 'quantity': '23,33€/Kilo'}
[2025-05-19 14:38:34] Supabase Response: data=[{'name': 'PIMIENTA CONDIS NEGRA EN GRANO 45 G', 'price': 1.05, 'category': 'Sal, salsas y especias', 'store_id': 'condisline', 'quantity': '23,33€/Kilo', 'id': '5729c9e6-ee16-4138-a321-77aeaf8463e8', 'created_at': '2025-05-19T11:38:36.154178'}] count=None
[2025-05-19 14:38:34] ✅ Successfully inserted: PIMIENTA CONDIS NEGRA EN GRANO 45 G
[2025-05-19 14:38:34] Attempting to insert product: {'name': 'SALSA KIKKOMAN SOJA 250 ML', 'price': 4.69, 'category': 'Sal, salsas y especias', 'store_id': 'condisline', 'quantity': '18,76€/Litro'}
[2025-05-19 14:38:34] Supabase Response: data=[{'name': 'SALSA KIKKOMAN SOJA 250 ML', 'price': 4.69, 'category': 'Sal, salsas y especias', 'store_id': 'condisline', 'quantity': '18,76€/Litro', 'id': 'ff4f3768-e1aa-4a79-9865-cf58273eb30e', 'created_at': '2025-05-19T11:38:36.501459'}] count=None
[2025-05-19 14:38:34] ✅ Successfully inserted: SALSA KIKKOMAN SOJA 250 ML
[2025-05-19 14:38:34] Attempting to insert product: {'name': 'MOSTAZA MAILLE DIJON ORIGINAL 215 G', 'price': 3.59, 'category': 'Sal, salsas y especias', 'store_id': 'condisline', 'quantity': '16,70€/Kilo'}
[2025-05-19 14:38:35] Supabase Response: data=[{'name': 'MOSTAZA MAILLE DIJON ORIGINAL 215 G', 'price': 3.59, 'category': 'Sal, salsas y especias', 'store_id': 'condisline', 'quantity': '16,70€/Kilo', 'id': '7619f97e-7e04-41b9-a029-947c4dd33275', 'created_at': '2025-05-19T11:38:36.752785'}] count=None
[2025-05-19 14:38:35] ✅ Successfully inserted: MOSTAZA MAILLE DIJON ORIGINAL 215 G
[2025-05-19 14:38:35] Attempting to insert product: {'name': 'TOMATE CONDIS ECO FRITO 340 G', 'price': 2.25, 'category': 'Sal, salsas y especias', 'store_id': 'condisline', 'quantity': '6,62€/Kilo'}
[2025-05-19 14:38:35] Supabase Response: data=[{'name': 'TOMATE CONDIS ECO FRITO 340 G', 'price': 2.25, 'category': 'Sal, salsas y especias', 'store_id': 'condisline', 'quantity': '6,62€/Kilo', 'id': '71275f12-a4e8-4e9b-a899-0e639c37015d', 'created_at': '2025-05-19T11:38:37.144587'}] count=None
[2025-05-19 14:38:35] ✅ Successfully inserted: TOMATE CONDIS ECO FRITO 340 G
[2025-05-19 14:38:35] Attempting to insert product: {'name': 'PEREJIL CONDIS HOJA 13 G', 'price': 0.85, 'category': 'Sal, salsas y especias', 'store_id': 'condisline', 'quantity': '65,38€/Kilo'}
[2025-05-19 14:38:36] Supabase Response: data=[{'name': 'PEREJIL CONDIS HOJA 13 G', 'price': 0.85, 'category': 'Sal, salsas y especias', 'store_id': 'condisline', 'quantity': '65,38€/Kilo', 'id': '7bc145d0-d36e-4f26-b6ae-1f5093660ed1', 'created_at': '2025-05-19T11:38:37.78515'}] count=None
[2025-05-19 14:38:36] ✅ Successfully inserted: PEREJIL CONDIS HOJA 13 G
[2025-05-19 14:38:36] Attempting to insert product: {'name': 'SALSA SOJA KIKKOMAN BAJA SAL 250 ML', 'price': 4.99, 'category': 'Sal, salsas y especias', 'store_id': 'condisline', 'quantity': '19,96€/Litro'}
[2025-05-19 14:38:36] Supabase Response: data=[{'name': 'SALSA SOJA KIKKOMAN BAJA SAL 250 ML', 'price': 4.99, 'category': 'Sal, salsas y especias', 'store_id': 'condisline', 'quantity': '19,96€/Litro', 'id': '0c7dfa2f-b853-494d-be72-c500286439b8', 'created_at': '2025-05-19T11:38:38.099906'}] count=None
[2025-05-19 14:38:36] ✅ Successfully inserted: SALSA SOJA KIKKOMAN BAJA SAL 250 ML
[2025-05-19 14:38:36] Attempting to insert product: {'name': 'ORÉGANO HOJA DANI BOLSA 40 G', 'price': 1.29, 'category': 'Sal, salsas y especias', 'store_id': 'condisline', 'quantity': '32,25€/Kilo'}
[2025-05-19 14:38:36] Supabase Response: data=[{'name': 'ORÉGANO HOJA DANI BOLSA 40 G', 'price': 1.29, 'category': 'Sal, salsas y especias', 'store_id': 'condisline', 'quantity': '32,25€/Kilo', 'id': 'd37e903f-1c6b-4051-81d4-87367524bbd9', 'created_at': '2025-05-19T11:38:38.401882'}] count=None
[2025-05-19 14:38:36] ✅ Successfully inserted: ORÉGANO HOJA DANI BOLSA 40 G
[2025-05-19 14:38:36] Attempting to insert product: {'name': 'TOMATE CELORRIO FRITO TARRO 580 G', 'price': 1.1, 'category': 'Sal, salsas y especias', 'store_id': 'condisline', 'quantity': '1,90€/Kilo'}
[2025-05-19 14:38:37] Supabase Response: data=[{'name': 'TOMATE CELORRIO FRITO TARRO 580 G', 'price': 1.1, 'category': 'Sal, salsas y especias', 'store_id': 'condisline', 'quantity': '1,90€/Kilo', 'id': 'aa4ae726-b642-4315-82fe-5d2ef3baad3f', 'created_at': '2025-05-19T11:38:38.833809'}] count=None
[2025-05-19 14:38:37] ✅ Successfully inserted: TOMATE CELORRIO FRITO TARRO 580 G
[2025-05-19 14:38:37] Attempting to insert product: {'name': 'SAL MALDON CODINA 125 G', 'price': 3.49, 'category': 'Sal, salsas y especias', 'store_id': 'condisline', 'quantity': '27,92€/Kilo'}
[2025-05-19 14:38:37] Supabase Response: data=[{'name': 'SAL MALDON CODINA 125 G', 'price': 3.49, 'category': 'Sal, salsas y especias', 'store_id': 'condisline', 'quantity': '27,92€/Kilo', 'id': '80557f02-d414-4074-a4f8-49e7fbbdcc06', 'created_at': '2025-05-19T11:38:39.144668'}] count=None
[2025-05-19 14:38:37] ✅ Successfully inserted: SAL MALDON CODINA 125 G
[2025-05-19 14:38:37] Attempting to insert product: {'name': 'MAYONESA PRIMA ORIG MONODOSIS 16 UNIDADES', 'price': 1.89, 'category': 'Sal, salsas y especias', 'store_id': 'condisline', 'quantity': '14,32€/Kilo'}
[2025-05-19 14:38:37] Supabase Response: data=[{'name': 'MAYONESA PRIMA ORIG MONODOSIS 16 UNIDADES', 'price': 1.89, 'category': 'Sal, salsas y especias', 'store_id': 'condisline', 'quantity': '14,32€/Kilo', 'id': '8bd30980-1e8a-4ea8-9ad5-6b0ef47d6b5a', 'created_at': '2025-05-19T11:38:39.364107'}] count=None
[2025-05-19 14:38:37] ✅ Successfully inserted: MAYONESA PRIMA ORIG MONODOSIS 16 UNIDADES
[2025-05-19 14:38:37] Attempting to insert product: {'name': 'SAL COSTA PLUS+ 1 KG', 'price': 1.19, 'category': 'Sal, salsas y especias', 'store_id': 'condisline', 'quantity': '1,19€/Kilo'}
[2025-05-19 14:38:37] Supabase Response: data=[{'name': 'SAL COSTA PLUS+ 1 KG', 'price': 1.19, 'category': 'Sal, salsas y especias', 'store_id': 'condisline', 'quantity': '1,19€/Kilo', 'id': '13a15889-d3d6-42bf-b8ef-3a46cc6bf9f3', 'created_at': '2025-05-19T11:38:39.660612'}] count=None
[2025-05-19 14:38:37] ✅ Successfully inserted: SAL COSTA PLUS+ 1 KG
[2025-05-19 14:38:37] Attempting to insert product: {'name': "SALSA HELLMANN'S BARBACOA 250 ML", 'price': 2.25, 'category': 'Sal, salsas y especias', 'store_id': 'condisline', 'quantity': '9,00€/Kilo'}
[2025-05-19 14:38:38] Supabase Response: data=[{'name': "SALSA HELLMANN'S BARBACOA 250 ML", 'price': 2.25, 'category': 'Sal, salsas y especias', 'store_id': 'condisline', 'quantity': '9,00€/Kilo', 'id': 'd9b3b423-cc3f-45f4-b7c2-794b99e39237', 'created_at': '2025-05-19T11:38:39.959271'}] count=None
[2025-05-19 14:38:38] ✅ Successfully inserted: SALSA HELLMANN'S BARBACOA 250 ML
[2025-05-19 14:38:38] Attempting to insert product: {'name': 'SALSA DANI APERITIVO 90 ML', 'price': 1.49, 'category': 'Sal, salsas y especias', 'store_id': 'condisline', 'quantity': '16,56€/Litro'}
[2025-05-19 14:38:38] Supabase Response: data=[{'name': 'SALSA DANI APERITIVO 90 ML', 'price': 1.49, 'category': 'Sal, salsas y especias', 'store_id': 'condisline', 'quantity': '16,56€/Litro', 'id': 'bf9340e2-bd94-4e11-b2f3-74f3c32ea31e', 'created_at': '2025-05-19T11:38:40.17828'}] count=None
[2025-05-19 14:38:38] ✅ Successfully inserted: SALSA DANI APERITIVO 90 ML
[2025-05-19 14:38:38] Attempting to insert product: {'name': 'MOSTAZA LOUIT DIÁFANA AL ESTRAGÓN 120 G', 'price': 1.49, 'category': 'Sal, salsas y especias', 'store_id': 'condisline', 'quantity': '12,96€/Kilo'}
[2025-05-19 14:38:38] Supabase Response: data=[{'name': 'MOSTAZA LOUIT DIÁFANA AL ESTRAGÓN 120 G', 'price': 1.49, 'category': 'Sal, salsas y especias', 'store_id': 'condisline', 'quantity': '12,96€/Kilo', 'id': '1c40c5ee-b564-4aa4-968c-9c7ecad3d45a', 'created_at': '2025-05-19T11:38:40.398764'}] count=None
[2025-05-19 14:38:38] ✅ Successfully inserted: MOSTAZA LOUIT DIÁFANA AL ESTRAGÓN 120 G
[2025-05-19 14:38:38] Attempting to insert product: {'name': 'MOSTAZA MAILLE A LA ANTIGUA 215 G', 'price': 3.65, 'category': 'Sal, salsas y especias', 'store_id': 'condisline', 'quantity': '16,98€/Kilo'}
[2025-05-19 14:38:38] Supabase Response: data=[{'name': 'MOSTAZA MAILLE A LA ANTIGUA 215 G', 'price': 3.65, 'category': 'Sal, salsas y especias', 'store_id': 'condisline', 'quantity': '16,98€/Kilo', 'id': '14696819-9db1-431e-80a9-3e9b18a79bfe', 'created_at': '2025-05-19T11:38:40.695649'}] count=None
[2025-05-19 14:38:38] ✅ Successfully inserted: MOSTAZA MAILLE A LA ANTIGUA 215 G
[2025-05-19 14:38:38] Attempting to insert product: {'name': 'PIMENTÓN DULCE AHUMADO DANI 75 G', 'price': 2.99, 'category': 'Sal, salsas y especias', 'store_id': 'condisline', 'quantity': '39,87€/Kilo'}
[2025-05-19 14:38:39] Supabase Response: data=[{'name': 'PIMENTÓN DULCE AHUMADO DANI 75 G', 'price': 2.99, 'category': 'Sal, salsas y especias', 'store_id': 'condisline', 'quantity': '39,87€/Kilo', 'id': '43b5fda6-b4b4-4f36-8c3d-558f0d75b5c4', 'created_at': '2025-05-19T11:38:40.983729'}] count=None
[2025-05-19 14:38:39] ✅ Successfully inserted: PIMENTÓN DULCE AHUMADO DANI 75 G
[2025-05-19 14:38:39] Attempting to insert product: {'name': 'KETCHUP PRIMA ORIGINAL PET 290 G', 'price': 1.79, 'category': 'Sal, salsas y especias', 'store_id': 'condisline', 'quantity': '6,17€/Kilo'}
[2025-05-19 14:38:39] Supabase Response: data=[{'name': 'KETCHUP PRIMA ORIGINAL PET 290 G', 'price': 1.79, 'category': 'Sal, salsas y especias', 'store_id': 'condisline', 'quantity': '6,17€/Kilo', 'id': '4beea140-167e-4463-a34d-7e36b04b7bd8', 'created_at': '2025-05-19T11:38:41.29352'}] count=None
[2025-05-19 14:38:39] ✅ Successfully inserted: KETCHUP PRIMA ORIGINAL PET 290 G
[2025-05-19 14:38:39] Attempting to insert product: {'name': 'SALSA GALLO CARBONARA 330 G', 'price': 2.99, 'category': 'Sal, salsas y especias', 'store_id': 'condisline', 'quantity': '9,06€/Kilo'}
[2025-05-19 14:38:39] Supabase Response: data=[{'name': 'SALSA GALLO CARBONARA 330 G', 'price': 2.99, 'category': 'Sal, salsas y especias', 'store_id': 'condisline', 'quantity': '9,06€/Kilo', 'id': '8fd143e0-f569-44eb-92f0-b7e836d5765e', 'created_at': '2025-05-19T11:38:41.700681'}] count=None
[2025-05-19 14:38:39] ✅ Successfully inserted: SALSA GALLO CARBONARA 330 G
[2025-05-19 14:38:39] Attempting to insert product: {'name': 'SALSA CHOVI ALL I OLI TARRO 200 ML', 'price': 1.89, 'category': 'Sal, salsas y especias', 'store_id': 'condisline', 'quantity': '9,45€/Kilo'}
[2025-05-19 14:38:40] Supabase Response: data=[{'name': 'SALSA CHOVI ALL I OLI TARRO 200 ML', 'price': 1.89, 'category': 'Sal, salsas y especias', 'store_id': 'condisline', 'quantity': '9,45€/Kilo', 'id': '6848558c-0de1-4d0d-8e13-9d2d55ff4fb7', 'created_at': '2025-05-19T11:38:42.009891'}] count=None
[2025-05-19 14:38:40] ✅ Successfully inserted: SALSA CHOVI ALL I OLI TARRO 200 ML
[2025-05-19 14:38:40] Attempting to insert product: {'name': 'SALSA TABASCO PICANTE 60 ML', 'price': 3.95, 'category': 'Sal, salsas y especias', 'store_id': 'condisline', 'quantity': '65,83€/Kilo'}
[2025-05-19 14:38:40] Supabase Response: data=[{'name': 'SALSA TABASCO PICANTE 60 ML', 'price': 3.95, 'category': 'Sal, salsas y especias', 'store_id': 'condisline', 'quantity': '65,83€/Kilo', 'id': '51390b14-5947-4aac-9a70-5e662b0a0ebb', 'created_at': '2025-05-19T11:38:42.418986'}] count=None
[2025-05-19 14:38:40] ✅ Successfully inserted: SALSA TABASCO PICANTE 60 ML
[2025-05-19 14:38:40] Attempting to insert product: {'name': "SALSA HELLMANN'S BRAVA PET 250 G", 'price': 2.25, 'category': 'Sal, salsas y especias', 'store_id': 'condisline', 'quantity': '9,00€/Kilo'}
[2025-05-19 14:38:41] Supabase Response: data=[{'name': "SALSA HELLMANN'S BRAVA PET 250 G", 'price': 2.25, 'category': 'Sal, salsas y especias', 'store_id': 'condisline', 'quantity': '9,00€/Kilo', 'id': '929afbf2-3193-462f-a855-8bfc05a08c1d', 'created_at': '2025-05-19T11:38:42.721941'}] count=None
[2025-05-19 14:38:41] ✅ Successfully inserted: SALSA HELLMANN'S BRAVA PET 250 G
[2025-05-19 14:38:41] Attempting to insert product: {'name': 'COLORANTE CONDIS ALIMENTARIO 55 G', 'price': 0.72, 'category': 'Sal, salsas y especias', 'store_id': 'condisline', 'quantity': '13,09€/Kilo'}
[2025-05-19 14:38:41] Supabase Response: data=[{'name': 'COLORANTE CONDIS ALIMENTARIO 55 G', 'price': 0.72, 'category': 'Sal, salsas y especias', 'store_id': 'condisline', 'quantity': '13,09€/Kilo', 'id': 'c9f371d9-85cd-460f-80f8-328509a0499e', 'created_at': '2025-05-19T11:38:43.206196'}] count=None
[2025-05-19 14:38:41] ✅ Successfully inserted: COLORANTE CONDIS ALIMENTARIO 55 G
[2025-05-19 14:38:41] Attempting to insert product: {'name': 'SALSA GALLO SUPER BOLOÑESA 350 G', 'price': 3.39, 'category': 'Sal, salsas y especias', 'store_id': 'condisline', 'quantity': '9,69€/Kilo'}
[2025-05-19 14:38:41] Supabase Response: data=[{'name': 'SALSA GALLO SUPER BOLOÑESA 350 G', 'price': 3.39, 'category': 'Sal, salsas y especias', 'store_id': 'condisline', 'quantity': '9,69€/Kilo', 'id': '0630eb18-19df-4a11-bf22-ba63a14cab05', 'created_at': '2025-05-19T11:38:43.577522'}] count=None
[2025-05-19 14:38:41] ✅ Successfully inserted: SALSA GALLO SUPER BOLOÑESA 350 G
[2025-05-19 14:38:41] Attempting to insert product: {'name': 'AZAFRAN CONDIS EN RAMA 1 UNIDAD', 'price': 1.05, 'category': 'Sal, salsas y especias', 'store_id': 'condisline', 'quantity': ''}
[2025-05-19 14:38:42] Supabase Response: data=[{'name': 'AZAFRAN CONDIS EN RAMA 1 UNIDAD', 'price': 1.05, 'category': 'Sal, salsas y especias', 'store_id': 'condisline', 'quantity': '', 'id': '5bcb66c5-436e-4962-b2b5-083467c89b32', 'created_at': '2025-05-19T11:38:43.892767'}] count=None
[2025-05-19 14:38:42] ✅ Successfully inserted: AZAFRAN CONDIS EN RAMA 1 UNIDAD
[2025-05-19 14:38:42] Attempting to insert product: {'name': 'CANELA CONDIS EN RAMA 1 UNIDAD', 'price': 0.85, 'category': 'Sal, salsas y especias', 'store_id': 'condisline', 'quantity': '70,83€/Kilo'}
[2025-05-19 14:38:42] Supabase Response: data=[{'name': 'CANELA CONDIS EN RAMA 1 UNIDAD', 'price': 0.85, 'category': 'Sal, salsas y especias', 'store_id': 'condisline', 'quantity': '70,83€/Kilo', 'id': 'e74bcd22-dfcc-471e-b626-4e0cee14ba46', 'created_at': '2025-05-19T11:38:44.156525'}] count=None
[2025-05-19 14:38:42] ✅ Successfully inserted: CANELA CONDIS EN RAMA 1 UNIDAD
[2025-05-19 14:38:42] Attempting to insert product: {'name': 'SOFRITO CONDIS ECO 340 G', 'price': 2.79, 'category': 'Sal, salsas y especias', 'store_id': 'condisline', 'quantity': '8,21€/Kilo'}
[2025-05-19 14:38:42] Supabase Response: data=[{'name': 'SOFRITO CONDIS ECO 340 G', 'price': 2.79, 'category': 'Sal, salsas y especias', 'store_id': 'condisline', 'quantity': '8,21€/Kilo', 'id': 'af3781a1-c87b-4847-a077-e2aba8cef34e', 'created_at': '2025-05-19T11:38:44.466104'}] count=None
[2025-05-19 14:38:42] ✅ Successfully inserted: SOFRITO CONDIS ECO 340 G
[2025-05-19 14:38:42] Attempting to insert product: {'name': 'SAZONADOR AJO Y PEREJIL DANI 22 G', 'price': 1.45, 'category': 'Sal, salsas y especias', 'store_id': 'condisline', 'quantity': '65,91€/Kilo'}
[2025-05-19 14:38:42] Supabase Response: data=[{'name': 'SAZONADOR AJO Y PEREJIL DANI 22 G', 'price': 1.45, 'category': 'Sal, salsas y especias', 'store_id': 'condisline', 'quantity': '65,91€/Kilo', 'id': 'bc2ec309-8b43-4145-80ba-0d0a734ac13b', 'created_at': '2025-05-19T11:38:44.700518'}] count=None
[2025-05-19 14:38:42] ✅ Successfully inserted: SAZONADOR AJO Y PEREJIL DANI 22 G
[2025-05-19 14:38:42] Attempting to insert product: {'name': 'CÚRCUMA MOLIDA DANI 45 G', 'price': 1.29, 'category': 'Sal, salsas y especias', 'store_id': 'condisline', 'quantity': '28,67€/Kilo'}
[2025-05-19 14:38:43] Supabase Response: data=[{'name': 'CÚRCUMA MOLIDA DANI 45 G', 'price': 1.29, 'category': 'Sal, salsas y especias', 'store_id': 'condisline', 'quantity': '28,67€/Kilo', 'id': '4c848185-436f-4674-91fc-8c42b7e664f5', 'created_at': '2025-05-19T11:38:45.011451'}] count=None
[2025-05-19 14:38:43] ✅ Successfully inserted: CÚRCUMA MOLIDA DANI 45 G
[2025-05-19 14:38:43] Attempting to insert product: {'name': 'SALSA FRESCA CONDIS 4 QUESOS 180 G', 'price': 1.45, 'category': 'Sal, salsas y especias', 'store_id': 'condisline', 'quantity': '8,06€/Kilo'}
[2025-05-19 14:38:43] Supabase Response: data=[{'name': 'SALSA FRESCA CONDIS 4 QUESOS 180 G', 'price': 1.45, 'category': 'Sal, salsas y especias', 'store_id': 'condisline', 'quantity': '8,06€/Kilo', 'id': 'c9b4dfcd-82c8-4c39-aec4-03a7ca5641ee', 'created_at': '2025-05-19T11:38:45.345509'}] count=None
[2025-05-19 14:38:43] ✅ Successfully inserted: SALSA FRESCA CONDIS 4 QUESOS 180 G
[2025-05-19 14:38:43] Attempting to insert product: {'name': 'SAL COSTA GRUESA NATURAL 1 KG', 'price': 0.9, 'category': 'Sal, salsas y especias', 'store_id': 'condisline', 'quantity': '0,90€/Kilo'}
[2025-05-19 14:38:44] Supabase Response: data=[{'name': 'SAL COSTA GRUESA NATURAL 1 KG', 'price': 0.9, 'category': 'Sal, salsas y especias', 'store_id': 'condisline', 'quantity': '0,90€/Kilo', 'id': '9dd3c46d-a908-4855-a420-53716d15e6e4', 'created_at': '2025-05-19T11:38:45.678133'}] count=None
[2025-05-19 14:38:44] ✅ Successfully inserted: SAL COSTA GRUESA NATURAL 1 KG
[2025-05-19 14:38:44] Attempting to insert product: {'name': 'MOSTAZA PRIMA ORIGINAL PET 265 G', 'price': 1.79, 'category': 'Sal, salsas y especias', 'store_id': 'condisline', 'quantity': '6,75€/Kilo'}
[2025-05-19 14:38:44] Supabase Response: data=[{'name': 'MOSTAZA PRIMA ORIGINAL PET 265 G', 'price': 1.79, 'category': 'Sal, salsas y especias', 'store_id': 'condisline', 'quantity': '6,75€/Kilo', 'id': '3a4e3b9a-0c78-456a-aa54-8aa4653691d3', 'created_at': '2025-05-19T11:38:46.127118'}] count=None
[2025-05-19 14:38:44] ✅ Successfully inserted: MOSTAZA PRIMA ORIGINAL PET 265 G
[2025-05-19 14:38:44] Attempting to insert product: {'name': 'MAYONESA YBARRA TRADIC SIN GLUTEN 450 G', 'price': 2.45, 'category': 'Sal, salsas y especias', 'store_id': 'condisline', 'quantity': '5,44€/Kilo'}
[2025-05-19 14:38:44] Supabase Response: data=[{'name': 'MAYONESA YBARRA TRADIC SIN GLUTEN 450 G', 'price': 2.45, 'category': 'Sal, salsas y especias', 'store_id': 'condisline', 'quantity': '5,44€/Kilo', 'id': '78fa42a4-e8b1-4a66-900d-bc997df0a936', 'created_at': '2025-05-19T11:38:46.369372'}] count=None
[2025-05-19 14:38:44] ✅ Successfully inserted: MAYONESA YBARRA TRADIC SIN GLUTEN 450 G
[2025-05-19 14:38:44] Attempting to insert product: {'name': 'KETCHUP ORLANDO BARRILITO 300 G', 'price': 1.45, 'category': 'Sal, salsas y especias', 'store_id': 'condisline', 'quantity': '4,83€/Kilo'}
[2025-05-19 14:38:44] Supabase Response: data=[{'name': 'KETCHUP ORLANDO BARRILITO 300 G', 'price': 1.45, 'category': 'Sal, salsas y especias', 'store_id': 'condisline', 'quantity': '4,83€/Kilo', 'id': 'ca57e3e5-df12-4909-a487-4da41df37d6d', 'created_at': '2025-05-19T11:38:46.596473'}] count=None
[2025-05-19 14:38:44] ✅ Successfully inserted: KETCHUP ORLANDO BARRILITO 300 G
[2025-05-19 14:38:44] Attempting to insert product: {'name': 'SALSA FERRER ROMESCO 130 G', 'price': 1.8, 'category': 'Sal, salsas y especias', 'store_id': 'condisline', 'quantity': '13,85€/Kilo'}
[2025-05-19 14:38:45] Supabase Response: data=[{'name': 'SALSA FERRER ROMESCO 130 G', 'price': 1.8, 'category': 'Sal, salsas y especias', 'store_id': 'condisline', 'quantity': '13,85€/Kilo', 'id': 'f6516635-847a-4fde-b986-c085af293ddb', 'created_at': '2025-05-19T11:38:46.817961'}] count=None
[2025-05-19 14:38:45] ✅ Successfully inserted: SALSA FERRER ROMESCO 130 G
[2025-05-19 14:38:45] Attempting to insert product: {'name': 'SALSA PRIMA BARBACOA CERO 265 G', 'price': 2.19, 'category': 'Sal, salsas y especias', 'store_id': 'condisline', 'quantity': '8,26€/Kilo'}
[2025-05-19 14:38:45] Supabase Response: data=[{'name': 'SALSA PRIMA BARBACOA CERO 265 G', 'price': 2.19, 'category': 'Sal, salsas y especias', 'store_id': 'condisline', 'quantity': '8,26€/Kilo', 'id': '467d6293-cf1b-48d5-9800-fa2873d0ef6b', 'created_at': '2025-05-19T11:38:47.090759'}] count=None
[2025-05-19 14:38:45] ✅ Successfully inserted: SALSA PRIMA BARBACOA CERO 265 G
[2025-05-19 14:38:45] Attempting to insert product: {'name': "SALSA HELLMANN'S BURGER 250 G", 'price': 2.25, 'category': 'Sal, salsas y especias', 'store_id': 'condisline', 'quantity': '9,00€/Kilo'}
[2025-05-19 14:38:45] Supabase Response: data=[{'name': "SALSA HELLMANN'S BURGER 250 G", 'price': 2.25, 'category': 'Sal, salsas y especias', 'store_id': 'condisline', 'quantity': '9,00€/Kilo', 'id': '61fe066e-5e7a-4fb1-9e97-d16bd0035a7a', 'created_at': '2025-05-19T11:38:47.353286'}] count=None
[2025-05-19 14:38:45] ✅ Successfully inserted: SALSA HELLMANN'S BURGER 250 G
[2025-05-19 14:38:45] Attempting to insert product: {'name': 'MAYONESA YBARRA LIGERA SIN GLUTEN 450 G', 'price': 2.09, 'category': 'Sal, salsas y especias', 'store_id': 'condisline', 'quantity': '4,64€/Kilo'}
[2025-05-19 14:38:45] Supabase Response: data=[{'name': 'MAYONESA YBARRA LIGERA SIN GLUTEN 450 G', 'price': 2.09, 'category': 'Sal, salsas y especias', 'store_id': 'condisline', 'quantity': '4,64€/Kilo', 'id': '21d41832-d51b-4ac8-85fc-23126301efae', 'created_at': '2025-05-19T11:38:47.617825'}] count=None
[2025-05-19 14:38:45] ✅ Successfully inserted: MAYONESA YBARRA LIGERA SIN GLUTEN 450 G
[2025-05-19 14:38:45] Attempting to insert product: {'name': 'CEBOLLA GRANULADA DANI 30 G', 'price': 0.89, 'category': 'Sal, salsas y especias', 'store_id': 'condisline', 'quantity': '29,67€/Kilo'}
[2025-05-19 14:38:46] Supabase Response: data=[{'name': 'CEBOLLA GRANULADA DANI 30 G', 'price': 0.89, 'category': 'Sal, salsas y especias', 'store_id': 'condisline', 'quantity': '29,67€/Kilo', 'id': '792e6ec0-83a1-4706-b3ca-e9af050295a1', 'created_at': '2025-05-19T11:38:47.858065'}] count=None
[2025-05-19 14:38:46] ✅ Successfully inserted: CEBOLLA GRANULADA DANI 30 G
[2025-05-19 14:38:46] Attempting to insert product: {'name': 'ALBAHACA CONDIS HOJA 15 G', 'price': 0.79, 'category': 'Sal, salsas y especias', 'store_id': 'condisline', 'quantity': '52,67€/Kilo'}
[2025-05-19 14:38:46] Supabase Response: data=[{'name': 'ALBAHACA CONDIS HOJA 15 G', 'price': 0.79, 'category': 'Sal, salsas y especias', 'store_id': 'condisline', 'quantity': '52,67€/Kilo', 'id': 'e4fea74d-12a8-48ba-9cee-add4e5d89b91', 'created_at': '2025-05-19T11:38:48.08153'}] count=None
[2025-05-19 14:38:46] ✅ Successfully inserted: ALBAHACA CONDIS HOJA 15 G
[2025-05-19 14:38:46] Attempting to insert product: {'name': 'PIMENTON CONDIS DULCE 45 G', 'price': 0.85, 'category': 'Sal, salsas y especias', 'store_id': 'condisline', 'quantity': '18,89€/Kilo'}
[2025-05-19 14:38:47] Supabase Response: data=[{'name': 'PIMENTON CONDIS DULCE 45 G', 'price': 0.85, 'category': 'Sal, salsas y especias', 'store_id': 'condisline', 'quantity': '18,89€/Kilo', 'id': 'bce33451-8383-4f62-aeaa-9f5c68b3762c', 'created_at': '2025-05-19T11:38:48.361917'}] count=None
[2025-05-19 14:38:47] ✅ Successfully inserted: PIMENTON CONDIS DULCE 45 G
[2025-05-19 14:38:47] Attempting to insert product: {'name': 'SALSA BARILLA BASILICO 400 G', 'price': 2.99, 'category': 'Sal, salsas y especias', 'store_id': 'condisline', 'quantity': '7,48€/Kilo'}
[2025-05-19 14:38:47] Supabase Response: data=[{'name': 'SALSA BARILLA BASILICO 400 G', 'price': 2.99, 'category': 'Sal, salsas y especias', 'store_id': 'condisline', 'quantity': '7,48€/Kilo', 'id': 'b8bf225f-411d-4115-858a-008aa6365580', 'created_at': '2025-05-19T11:38:49.079555'}] count=None
[2025-05-19 14:38:47] ✅ Successfully inserted: SALSA BARILLA BASILICO 400 G
[2025-05-19 14:38:47] Attempting to insert product: {'name': 'SALSA GALLO CON QUESO GRANA PADANO 350 G', 'price': 2.59, 'category': 'Sal, salsas y especias', 'store_id': 'condisline', 'quantity': '7,40€/Kilo'}
[2025-05-19 14:38:47] Supabase Response: data=[{'name': 'SALSA GALLO CON QUESO GRANA PADANO 350 G', 'price': 2.59, 'category': 'Sal, salsas y especias', 'store_id': 'condisline', 'quantity': '7,40€/Kilo', 'id': 'cb2662ff-8499-44d5-8b92-e349f282e30a', 'created_at': '2025-05-19T11:38:49.579524'}] count=None
[2025-05-19 14:38:47] ✅ Successfully inserted: SALSA GALLO CON QUESO GRANA PADANO 350 G
[2025-05-19 14:38:47] Attempting to insert product: {'name': 'SALSA HEINZ BBQ CLASSIC 400 G', 'price': 3.49, 'category': 'Sal, salsas y especias', 'store_id': 'condisline', 'quantity': '8,73€/Kilo'}
[2025-05-19 14:38:48] Supabase Response: data=[{'name': 'SALSA HEINZ BBQ CLASSIC 400 G', 'price': 3.49, 'category': 'Sal, salsas y especias', 'store_id': 'condisline', 'quantity': '8,73€/Kilo', 'id': 'e44c8f04-c647-4fd8-bfa8-e9481c716f2a', 'created_at': '2025-05-19T11:38:49.964124'}] count=None
[2025-05-19 14:38:48] ✅ Successfully inserted: SALSA HEINZ BBQ CLASSIC 400 G
[2025-05-19 14:38:48] Attempting to insert product: {'name': 'MONODOSIS CHOVI KETCHUP 16 UNIDADES', 'price': 1.99, 'category': 'Sal, salsas y especias', 'store_id': 'condisline', 'quantity': '12,44€/Kilo'}
[2025-05-19 14:38:48] Supabase Response: data=[{'name': 'MONODOSIS CHOVI KETCHUP 16 UNIDADES', 'price': 1.99, 'category': 'Sal, salsas y especias', 'store_id': 'condisline', 'quantity': '12,44€/Kilo', 'id': 'be7f1549-ce5a-4f9c-9abc-56b5417e59af', 'created_at': '2025-05-19T11:38:50.299029'}] count=None
[2025-05-19 14:38:48] ✅ Successfully inserted: MONODOSIS CHOVI KETCHUP 16 UNIDADES
[2025-05-19 14:38:48] Attempting to insert product: {'name': 'SALSA FELIUBADALÓ ROMESCO 180 CC', 'price': 2.35, 'category': 'Sal, salsas y especias', 'store_id': 'condisline', 'quantity': '13,06€/Kilo'}
[2025-05-19 14:38:48] Supabase Response: data=[{'name': 'SALSA FELIUBADALÓ ROMESCO 180 CC', 'price': 2.35, 'category': 'Sal, salsas y especias', 'store_id': 'condisline', 'quantity': '13,06€/Kilo', 'id': '8587aed1-f72a-460b-999d-3530b12c8d71', 'created_at': '2025-05-19T11:38:50.612171'}] count=None
[2025-05-19 14:38:48] ✅ Successfully inserted: SALSA FELIUBADALÓ ROMESCO 180 CC
[2025-05-19 14:38:48] Attempting to insert product: {'name': 'PIMIENTA NEGRA DANI  45 G', 'price': 3.15, 'category': 'Sal, salsas y especias', 'store_id': 'condisline', 'quantity': '63,00€/Kilo'}
[2025-05-19 14:38:49] Supabase Response: data=[{'name': 'PIMIENTA NEGRA DANI  45 G', 'price': 3.15, 'category': 'Sal, salsas y especias', 'store_id': 'condisline', 'quantity': '63,00€/Kilo', 'id': 'f5502b5e-d8c2-447e-9d73-e301c19ec8d7', 'created_at': '2025-05-19T11:38:50.937558'}] count=None
[2025-05-19 14:38:49] ✅ Successfully inserted: PIMIENTA NEGRA DANI  45 G
[2025-05-19 14:38:49] Attempting to insert product: {'name': 'CURRY CONDIS  45 G', 'price': 0.87, 'category': 'Sal, salsas y especias', 'store_id': 'condisline', 'quantity': '19,33€/Kilo'}
[2025-05-19 14:38:49] Supabase Response: data=[{'name': 'CURRY CONDIS  45 G', 'price': 0.87, 'category': 'Sal, salsas y especias', 'store_id': 'condisline', 'quantity': '19,33€/Kilo', 'id': 'ecd91397-3ead-4ddf-86d6-7bd8a024697f', 'created_at': '2025-05-19T11:38:51.246935'}] count=None
[2025-05-19 14:38:49] ✅ Successfully inserted: CURRY CONDIS  45 G
[2025-05-19 14:38:49] Attempting to insert product: {'name': 'PULPA DANI DE ÑORA 125 G', 'price': 1.89, 'category': 'Sal, salsas y especias', 'store_id': 'condisline', 'quantity': '15,12€/Kilo'}
[2025-05-19 14:38:49] Supabase Response: data=[{'name': 'PULPA DANI DE ÑORA 125 G', 'price': 1.89, 'category': 'Sal, salsas y especias', 'store_id': 'condisline', 'quantity': '15,12€/Kilo', 'id': '4a640dd6-2749-4d2b-904e-1b1d402c4668', 'created_at': '2025-05-19T11:38:51.484601'}] count=None
[2025-05-19 14:38:49] ✅ Successfully inserted: PULPA DANI DE ÑORA 125 G
[2025-05-19 14:38:49] Attempting to insert product: {'name': 'SALERO SAL COSTA PLUS 500 G', 'price': 1.99, 'category': 'Sal, salsas y especias', 'store_id': 'condisline', 'quantity': '3,98€/Kilo'}
[2025-05-19 14:38:49] Supabase Response: data=[{'name': 'SALERO SAL COSTA PLUS 500 G', 'price': 1.99, 'category': 'Sal, salsas y especias', 'store_id': 'condisline', 'quantity': '3,98€/Kilo', 'id': '272fa754-1875-4967-9ff0-77f81d38efd8', 'created_at': '2025-05-19T11:38:51.788656'}] count=None
[2025-05-19 14:38:49] ✅ Successfully inserted: SALERO SAL COSTA PLUS 500 G
[2025-05-19 14:38:50] Attempting to insert product: {'name': 'SALSA CHOVI ALL I OLI PET 400 G', 'price': 3.29, 'category': 'Sal, salsas y especias', 'store_id': 'condisline', 'quantity': '8,23€/Kilo'}
[2025-05-19 14:38:50] Supabase Response: data=[{'name': 'SALSA CHOVI ALL I OLI PET 400 G', 'price': 3.29, 'category': 'Sal, salsas y especias', 'store_id': 'condisline', 'quantity': '8,23€/Kilo', 'id': '947ade62-34c1-43fe-8b6b-1db7e1b8f5c9', 'created_at': '2025-05-19T11:38:52.044799'}] count=None
[2025-05-19 14:38:50] ✅ Successfully inserted: SALSA CHOVI ALL I OLI PET 400 G
[2025-05-19 14:38:50] Attempting to insert product: {'name': 'HIERBAS PROVENZALES  CONDIS 18 G', 'price': 0.79, 'category': 'Sal, salsas y especias', 'store_id': 'condisline', 'quantity': '43,89€/Kilo'}
[2025-05-19 14:38:50] Supabase Response: data=[{'name': 'HIERBAS PROVENZALES  CONDIS 18 G', 'price': 0.79, 'category': 'Sal, salsas y especias', 'store_id': 'condisline', 'quantity': '43,89€/Kilo', 'id': 'c38b7521-b468-4a41-8aa9-edb0b60336d5', 'created_at': '2025-05-19T11:38:52.263775'}] count=None
[2025-05-19 14:38:50] ✅ Successfully inserted: HIERBAS PROVENZALES  CONDIS 18 G
[2025-05-19 14:38:50] Attempting to insert product: {'name': 'ATADILLO DE HIERBAS DANI 42 G', 'price': 2.39, 'category': 'Sal, salsas y especias', 'store_id': 'condisline', 'quantity': '56,90€/Kilo'}
[2025-05-19 14:38:50] Supabase Response: data=[{'name': 'ATADILLO DE HIERBAS DANI 42 G', 'price': 2.39, 'category': 'Sal, salsas y especias', 'store_id': 'condisline', 'quantity': '56,90€/Kilo', 'id': '9405368d-6ae4-438b-b9ab-c01df1250dd8', 'created_at': '2025-05-19T11:38:52.558013'}] count=None
[2025-05-19 14:38:50] ✅ Successfully inserted: ATADILLO DE HIERBAS DANI 42 G
[2025-05-19 14:38:50] Attempting to insert product: {'name': 'PICADAS DANI BOLSA', 'price': 1.15, 'category': 'Sal, salsas y especias', 'store_id': 'condisline', 'quantity': '46,00€/Kilo'}
[2025-05-19 14:38:51] Supabase Response: data=[{'name': 'PICADAS DANI BOLSA', 'price': 1.15, 'category': 'Sal, salsas y especias', 'store_id': 'condisline', 'quantity': '46,00€/Kilo', 'id': 'd8de4c47-cde0-49c0-b44f-459777e3d446', 'created_at': '2025-05-19T11:38:52.839309'}] count=None
[2025-05-19 14:38:51] ✅ Successfully inserted: PICADAS DANI BOLSA
[2025-05-19 14:38:51] Attempting to insert product: {'name': 'AZAFRÁN EN RAMA DANI 0.7 G', 'price': 6.19, 'category': 'Sal, salsas y especias', 'store_id': 'condisline', 'quantity': '6,19€/Unidad'}
[2025-05-19 14:38:51] Supabase Response: data=[{'name': 'AZAFRÁN EN RAMA DANI 0.7 G', 'price': 6.19, 'category': 'Sal, salsas y especias', 'store_id': 'condisline', 'quantity': '6,19€/Unidad', 'id': 'f1c2f736-3afb-4127-83df-e97f4ff72f79', 'created_at': '2025-05-19T11:38:53.110447'}] count=None
[2025-05-19 14:38:51] ✅ Successfully inserted: AZAFRÁN EN RAMA DANI 0.7 G
[2025-05-19 14:38:51] Attempting to insert product: {'name': 'SALSA OLD EL PASO MEJICANA DIP 312 G', 'price': 3.39, 'category': 'Sal, salsas y especias', 'store_id': 'condisline', 'quantity': '10,87€/Kilo'}
[2025-05-19 14:38:51] Supabase Response: data=[{'name': 'SALSA OLD EL PASO MEJICANA DIP 312 G', 'price': 3.39, 'category': 'Sal, salsas y especias', 'store_id': 'condisline', 'quantity': '10,87€/Kilo', 'id': 'de0a2ebb-4670-4862-aa9f-16978d4dcd09', 'created_at': '2025-05-19T11:38:53.339739'}] count=None
[2025-05-19 14:38:51] ✅ Successfully inserted: SALSA OLD EL PASO MEJICANA DIP 312 G
[2025-05-19 14:38:51] Attempting to insert product: {'name': 'ÑORAS DANI BOLSA 15 G', 'price': 1.19, 'category': 'Sal, salsas y especias', 'store_id': 'condisline', 'quantity': '79,33€/Kilo'}
[2025-05-19 14:38:51] Supabase Response: data=[{'name': 'ÑORAS DANI BOLSA 15 G', 'price': 1.19, 'category': 'Sal, salsas y especias', 'store_id': 'condisline', 'quantity': '79,33€/Kilo', 'id': 'ce94f8a3-a890-4cdc-8100-96ce3d771e17', 'created_at': '2025-05-19T11:38:53.686453'}] count=None
[2025-05-19 14:38:51] ✅ Successfully inserted: ÑORAS DANI BOLSA 15 G
[2025-05-19 14:38:51] Attempting to insert product: {'name': 'SALSA ZANUY GUACAMOLE 190 G', 'price': 1.99, 'category': 'Sal, salsas y especias', 'store_id': 'condisline', 'quantity': '10,47€/Kilo'}
[2025-05-19 14:38:52] Supabase Response: data=[{'name': 'SALSA ZANUY GUACAMOLE 190 G', 'price': 1.99, 'category': 'Sal, salsas y especias', 'store_id': 'condisline', 'quantity': '10,47€/Kilo', 'id': '3be2bc2c-fdc6-4822-b2ed-600e932bd7fb', 'created_at': '2025-05-19T11:38:53.915918'}] count=None
[2025-05-19 14:38:52] ✅ Successfully inserted: SALSA ZANUY GUACAMOLE 190 G
[2025-05-19 14:38:52] Attempting to insert product: {'name': 'MAYONESA ALTEZA FRASCO 450 ML', 'price': 1.39, 'category': 'Sal, salsas y especias', 'store_id': 'condisline', 'quantity': '3,09€/Kilo'}
[2025-05-19 14:38:52] Supabase Response: data=[{'name': 'MAYONESA ALTEZA FRASCO 450 ML', 'price': 1.39, 'category': 'Sal, salsas y especias', 'store_id': 'condisline', 'quantity': '3,09€/Kilo', 'id': 'ebaca086-7479-42bc-b4d4-17f2c5a2f491', 'created_at': '2025-05-19T11:38:54.192241'}] count=None
[2025-05-19 14:38:52] ✅ Successfully inserted: MAYONESA ALTEZA FRASCO 450 ML
[2025-05-19 14:38:52] Attempting to insert product: {'name': '5 PIMIENTAS DANI  45 G', 'price': 3.15, 'category': 'Sal, salsas y especias', 'store_id': 'condisline', 'quantity': '78,75€/Kilo'}
[2025-05-19 14:38:52] Supabase Response: data=[{'name': '5 PIMIENTAS DANI  45 G', 'price': 3.15, 'category': 'Sal, salsas y especias', 'store_id': 'condisline', 'quantity': '78,75€/Kilo', 'id': '664b64a1-8e4d-4dc8-9a6a-32b4f8f3ea16', 'created_at': '2025-05-19T11:38:54.497134'}] count=None
[2025-05-19 14:38:52] ✅ Successfully inserted: 5 PIMIENTAS DANI  45 G
[2025-05-19 14:38:52] Attempting to insert product: {'name': 'SALSA FERRER CALÇOTS 320 G', 'price': 2.69, 'category': 'Sal, salsas y especias', 'store_id': 'condisline', 'quantity': '8,41€/Kilo'}
[2025-05-19 14:38:52] Supabase Response: data=[{'name': 'SALSA FERRER CALÇOTS 320 G', 'price': 2.69, 'category': 'Sal, salsas y especias', 'store_id': 'condisline', 'quantity': '8,41€/Kilo', 'id': 'ea178cbe-5f49-48cd-bf36-45286c6ea1f6', 'created_at': '2025-05-19T11:38:54.726638'}] count=None
[2025-05-19 14:38:52] ✅ Successfully inserted: SALSA FERRER CALÇOTS 320 G
[2025-05-19 14:38:52] Attempting to insert product: {'name': 'PREPARADO POLLO CONDIS 40 G', 'price': 0.81, 'category': 'Sal, salsas y especias', 'store_id': 'condisline', 'quantity': '0,81€/Unidad'}
[2025-05-19 14:38:53] Supabase Response: data=[{'name': 'PREPARADO POLLO CONDIS 40 G', 'price': 0.81, 'category': 'Sal, salsas y especias', 'store_id': 'condisline', 'quantity': '0,81€/Unidad', 'id': '880655af-4ef0-442a-b710-c4fe8a5ceb71', 'created_at': '2025-05-19T11:38:55.015599'}] count=None
[2025-05-19 14:38:53] ✅ Successfully inserted: PREPARADO POLLO CONDIS 40 G
[2025-05-19 14:38:53] Attempting to insert product: {'name': 'CANELA EN RAMA DANI 25 G', 'price': 1.39, 'category': 'Sal, salsas y especias', 'store_id': 'condisline', 'quantity': '55,60€/Kilo'}
[2025-05-19 14:38:53] Supabase Response: data=[{'name': 'CANELA EN RAMA DANI 25 G', 'price': 1.39, 'category': 'Sal, salsas y especias', 'store_id': 'condisline', 'quantity': '55,60€/Kilo', 'id': 'bce046d9-d95f-4cc7-a342-d20f8b1ae278', 'created_at': '2025-05-19T11:38:55.240656'}] count=None
[2025-05-19 14:38:53] ✅ Successfully inserted: CANELA EN RAMA DANI 25 G
[2025-05-19 14:38:53] Attempting to insert product: {'name': 'SAL COSTA ALTA COCINA  2 KG', 'price': 2.23, 'category': 'Sal, salsas y especias', 'store_id': 'condisline', 'quantity': '1,12€/Kilo'}
[2025-05-19 14:38:54] Supabase Response: data=[{'name': 'SAL COSTA ALTA COCINA  2 KG', 'price': 2.23, 'category': 'Sal, salsas y especias', 'store_id': 'condisline', 'quantity': '1,12€/Kilo', 'id': '6f2a125d-a65e-47f5-8566-887abaf1cd5b', 'created_at': '2025-05-19T11:38:55.881365'}] count=None
[2025-05-19 14:38:54] ✅ Successfully inserted: SAL COSTA ALTA COCINA  2 KG
[2025-05-19 14:38:54] Attempting to insert product: {'name': 'SALSA CUCINA ANT ALL ARRABBIATA 190 G', 'price': 2.45, 'category': 'Sal, salsas y especias', 'store_id': 'condisline', 'quantity': '12,89€/Kilo'}
[2025-05-19 14:38:54] Supabase Response: data=[{'name': 'SALSA CUCINA ANT ALL ARRABBIATA 190 G', 'price': 2.45, 'category': 'Sal, salsas y especias', 'store_id': 'condisline', 'quantity': '12,89€/Kilo', 'id': '2635454a-9d5d-4c99-8d94-9e6ba942a9d5', 'created_at': '2025-05-19T11:38:56.136562'}] count=None
[2025-05-19 14:38:54] ✅ Successfully inserted: SALSA CUCINA ANT ALL ARRABBIATA 190 G
[2025-05-19 14:38:54] Attempting to insert product: {'name': "SALSA BBQ BULL'S-EYE ORIGINAL 300 G", 'price': 3.75, 'category': 'Sal, salsas y especias', 'store_id': 'condisline', 'quantity': '12,50€/Kilo'}
[2025-05-19 14:38:54] Supabase Response: data=[{'name': "SALSA BBQ BULL'S-EYE ORIGINAL 300 G", 'price': 3.75, 'category': 'Sal, salsas y especias', 'store_id': 'condisline', 'quantity': '12,50€/Kilo', 'id': 'b27a43f5-9b4b-458f-ad29-b1fd4f67440c', 'created_at': '2025-05-19T11:38:56.355498'}] count=None
[2025-05-19 14:38:54] ✅ Successfully inserted: SALSA BBQ BULL'S-EYE ORIGINAL 300 G
[2025-05-19 14:38:54] Attempting to insert product: {'name': 'SAL ROSA DEL HIMALAYA DANI 100 G', 'price': 2.49, 'category': 'Sal, salsas y especias', 'store_id': 'condisline', 'quantity': '24,90€/Kilo'}
[2025-05-19 14:38:55] Supabase Response: data=[{'name': 'SAL ROSA DEL HIMALAYA DANI 100 G', 'price': 2.49, 'category': 'Sal, salsas y especias', 'store_id': 'condisline', 'quantity': '24,90€/Kilo', 'id': 'd172e29a-b1f2-4571-96e0-3ec9d8cf1092', 'created_at': '2025-05-19T11:38:56.671707'}] count=None
[2025-05-19 14:38:55] ✅ Successfully inserted: SAL ROSA DEL HIMALAYA DANI 100 G
[2025-05-19 14:38:55] Attempting to insert product: {'name': 'CEBOLLA FRITA DANI BOLSA 115 G', 'price': 1.99, 'category': 'Sal, salsas y especias', 'store_id': 'condisline', 'quantity': '17,30€/Kilo'}
[2025-05-19 14:38:55] Supabase Response: data=[{'name': 'CEBOLLA FRITA DANI BOLSA 115 G', 'price': 1.99, 'category': 'Sal, salsas y especias', 'store_id': 'condisline', 'quantity': '17,30€/Kilo', 'id': 'e5ddc5a4-9593-4c53-a7de-0ae3e959556e', 'created_at': '2025-05-19T11:38:57.372307'}] count=None
[2025-05-19 14:38:55] ✅ Successfully inserted: CEBOLLA FRITA DANI BOLSA 115 G
[2025-05-19 14:38:55] Attempting to insert product: {'name': 'SAZONADOR CHIMICHURRI DANI 15 G', 'price': 1.15, 'category': 'Sal, salsas y especias', 'store_id': 'condisline', 'quantity': '76,67€/Kilo'}
[2025-05-19 14:38:55] Supabase Response: data=[{'name': 'SAZONADOR CHIMICHURRI DANI 15 G', 'price': 1.15, 'category': 'Sal, salsas y especias', 'store_id': 'condisline', 'quantity': '76,67€/Kilo', 'id': '48ebd7e3-c346-4ca3-8ca4-a5e1a11b5ad8', 'created_at': '2025-05-19T11:38:57.76935'}] count=None
[2025-05-19 14:38:55] ✅ Successfully inserted: SAZONADOR CHIMICHURRI DANI 15 G
[2025-05-19 14:38:55] Attempting to insert product: {'name': 'VAINILLA CONDIS AZUCARADA 75 G', 'price': 0.85, 'category': 'Sal, salsas y especias', 'store_id': 'condisline', 'quantity': '11,33€/Kilo'}
[2025-05-19 14:38:57] Supabase Response: data=[{'name': 'VAINILLA CONDIS AZUCARADA 75 G', 'price': 0.85, 'category': 'Sal, salsas y especias', 'store_id': 'condisline', 'quantity': '11,33€/Kilo', 'id': '727f6455-1a4c-42f9-8faa-2a9afa1053bb', 'created_at': '2025-05-19T11:38:58.031077'}] count=None
[2025-05-19 14:38:57] ✅ Successfully inserted: VAINILLA CONDIS AZUCARADA 75 G
[2025-05-19 14:38:57] Attempting to insert product: {'name': 'NUEZ MOSCAD CONDIS MOLIDA 45 G', 'price': 1.39, 'category': 'Sal, salsas y especias', 'store_id': 'condisline', 'quantity': '30,89€/Kilo'}
[2025-05-19 14:38:57] Supabase Response: data=[{'name': 'NUEZ MOSCAD CONDIS MOLIDA 45 G', 'price': 1.39, 'category': 'Sal, salsas y especias', 'store_id': 'condisline', 'quantity': '30,89€/Kilo', 'id': '7b5e162a-1c1e-4f88-9b14-e628e919d5a9', 'created_at': '2025-05-19T11:38:59.311718'}] count=None
[2025-05-19 14:38:57] ✅ Successfully inserted: NUEZ MOSCAD CONDIS MOLIDA 45 G
[2025-05-19 14:38:57] Attempting to insert product: {'name': 'PICADES CONDIS  25 G', 'price': 0.79, 'category': 'Sal, salsas y especias', 'store_id': 'condisline', 'quantity': '31,60€/Kilo'}
[2025-05-19 14:38:57] Supabase Response: data=[{'name': 'PICADES CONDIS  25 G', 'price': 0.79, 'category': 'Sal, salsas y especias', 'store_id': 'condisline', 'quantity': '31,60€/Kilo', 'id': 'ca9e43f0-762e-4d04-b89b-c3a75c55c187', 'created_at': '2025-05-19T11:38:59.724465'}] count=None
[2025-05-19 14:38:57] ✅ Successfully inserted: PICADES CONDIS  25 G
[2025-05-19 14:38:57] Attempting to insert product: {'name': 'TOMILLO CONDIS HOJA 18 G', 'price': 0.79, 'category': 'Sal, salsas y especias', 'store_id': 'condisline', 'quantity': '43,89€/Kilo'}
[2025-05-19 14:38:58] Supabase Response: data=[{'name': 'TOMILLO CONDIS HOJA 18 G', 'price': 0.79, 'category': 'Sal, salsas y especias', 'store_id': 'condisline', 'quantity': '43,89€/Kilo', 'id': '6f805e6c-1215-4223-a5cc-da57be419a6e', 'created_at': '2025-05-19T11:39:00.155711'}] count=None
[2025-05-19 14:38:58] ✅ Successfully inserted: TOMILLO CONDIS HOJA 18 G
[2025-05-19 14:38:58] Attempting to insert product: {'name': 'GUINDILLA CONDIS RAMA(CAYENA) 17 G', 'price': 0.75, 'category': 'Sal, salsas y especias', 'store_id': 'condisline', 'quantity': '44,12€/Kilo'}
[2025-05-19 14:38:59] Supabase Response: data=[{'name': 'GUINDILLA CONDIS RAMA(CAYENA) 17 G', 'price': 0.75, 'category': 'Sal, salsas y especias', 'store_id': 'condisline', 'quantity': '44,12€/Kilo', 'id': 'da3f262f-b26a-4914-8309-f4d812a78bd6', 'created_at': '2025-05-19T11:39:00.560927'}] count=None
[2025-05-19 14:38:59] ✅ Successfully inserted: GUINDILLA CONDIS RAMA(CAYENA) 17 G
[2025-05-19 14:38:59] Attempting to insert product: {'name': '5 PIMIENTAS DANI 180 G', 'price': 6.79, 'category': 'Sal, salsas y especias', 'store_id': 'condisline', 'quantity': '37,72€/Kilo'}
[2025-05-19 14:38:59] Supabase Response: data=[{'name': '5 PIMIENTAS DANI 180 G', 'price': 6.79, 'category': 'Sal, salsas y especias', 'store_id': 'condisline', 'quantity': '37,72€/Kilo', 'id': 'e82b0430-2aa7-400e-9fc2-b9a955a45c7d', 'created_at': '2025-05-19T11:39:01.262352'}] count=None
[2025-05-19 14:38:59] ✅ Successfully inserted: 5 PIMIENTAS DANI 180 G
[2025-05-19 14:38:59] Attempting to insert product: {'name': 'ROMERO HOJA DANI 15 G', 'price': 0.89, 'category': 'Sal, salsas y especias', 'store_id': 'condisline', 'quantity': '59,33€/Kilo'}
[2025-05-19 14:38:59] Supabase Response: data=[{'name': 'ROMERO HOJA DANI 15 G', 'price': 0.89, 'category': 'Sal, salsas y especias', 'store_id': 'condisline', 'quantity': '59,33€/Kilo', 'id': 'a040fed1-f18e-4671-b849-01ec962ef55e', 'created_at': '2025-05-19T11:39:01.591595'}] count=None
[2025-05-19 14:38:59] ✅ Successfully inserted: ROMERO HOJA DANI 15 G
[2025-05-19 14:38:59] Attempting to insert product: {'name': 'HIERBAS PROVENZALES DANI  BOLSA 40 G', 'price': 1.15, 'category': 'Sal, salsas y especias', 'store_id': 'condisline', 'quantity': '28,75€/Kilo'}
[2025-05-19 14:39:00] Supabase Response: data=[{'name': 'HIERBAS PROVENZALES DANI  BOLSA 40 G', 'price': 1.15, 'category': 'Sal, salsas y especias', 'store_id': 'condisline', 'quantity': '28,75€/Kilo', 'id': '8dac70ce-46c9-47e3-9667-3c7479cb9662', 'created_at': '2025-05-19T11:39:01.885522'}] count=None
[2025-05-19 14:39:00] ✅ Successfully inserted: HIERBAS PROVENZALES DANI  BOLSA 40 G
[2025-05-19 14:39:00] Attempting to insert product: {'name': 'COMINO CONDIS MOLIDO 45 G', 'price': 0.93, 'category': 'Sal, salsas y especias', 'store_id': 'condisline', 'quantity': '20,67€/Kilo'}
[2025-05-19 14:39:00] Supabase Response: data=[{'name': 'COMINO CONDIS MOLIDO 45 G', 'price': 0.93, 'category': 'Sal, salsas y especias', 'store_id': 'condisline', 'quantity': '20,67€/Kilo', 'id': '7c6fc311-b2d2-4fa5-8c52-12e02ef9636a', 'created_at': '2025-05-19T11:39:02.234335'}] count=None
[2025-05-19 14:39:00] ✅ Successfully inserted: COMINO CONDIS MOLIDO 45 G
[2025-05-19 14:39:00] Attempting to insert product: {'name': 'PIMENTON CONDIS PICANTE 45 G', 'price': 0.83, 'category': 'Sal, salsas y especias', 'store_id': 'condisline', 'quantity': '18,44€/Kilo'}
[2025-05-19 14:39:00] Supabase Response: data=[{'name': 'PIMENTON CONDIS PICANTE 45 G', 'price': 0.83, 'category': 'Sal, salsas y especias', 'store_id': 'condisline', 'quantity': '18,44€/Kilo', 'id': 'dde92512-9f4e-41b7-b443-a7c9db48c7b8', 'created_at': '2025-05-19T11:39:02.581158'}] count=None
[2025-05-19 14:39:00] ✅ Successfully inserted: PIMENTON CONDIS PICANTE 45 G
[2025-05-19 14:39:00] Attempting to insert product: {'name': 'SALSA ZANUY TACO SIN GLUTEN 200 G', 'price': 1.89, 'category': 'Sal, salsas y especias', 'store_id': 'condisline', 'quantity': '9,45€/Kilo'}
[2025-05-19 14:39:01] Supabase Response: data=[{'name': 'SALSA ZANUY TACO SIN GLUTEN 200 G', 'price': 1.89, 'category': 'Sal, salsas y especias', 'store_id': 'condisline', 'quantity': '9,45€/Kilo', 'id': 'ce744394-52d2-479d-b8ed-84f6346c5a4c', 'created_at': '2025-05-19T11:39:02.908179'}] count=None
[2025-05-19 14:39:01] ✅ Successfully inserted: SALSA ZANUY TACO SIN GLUTEN 200 G
[2025-05-19 14:39:01] Attempting to insert product: {'name': 'SAL GRUESA DANI 100 G', 'price': 2.55, 'category': 'Sal, salsas y especias', 'store_id': 'condisline', 'quantity': '25,50€/Kilo'}
[2025-05-19 14:39:01] Supabase Response: data=[{'name': 'SAL GRUESA DANI 100 G', 'price': 2.55, 'category': 'Sal, salsas y especias', 'store_id': 'condisline', 'quantity': '25,50€/Kilo', 'id': '5103659d-b022-42ce-b60b-9212157aee61', 'created_at': '2025-05-19T11:39:03.227401'}] count=None
[2025-05-19 14:39:01] ✅ Successfully inserted: SAL GRUESA DANI 100 G
[2025-05-19 14:39:01] Attempting to insert product: {'name': 'AJO Y PEREJIL DANI BOLSA 40 G', 'price': 1.59, 'category': 'Sal, salsas y especias', 'store_id': 'condisline', 'quantity': '39,75€/Kilo'}
[2025-05-19 14:39:02] Supabase Response: data=[{'name': 'AJO Y PEREJIL DANI BOLSA 40 G', 'price': 1.59, 'category': 'Sal, salsas y especias', 'store_id': 'condisline', 'quantity': '39,75€/Kilo', 'id': '052c4a22-bc99-4fa4-a5ef-59f7090de845', 'created_at': '2025-05-19T11:39:03.723731'}] count=None
[2025-05-19 14:39:02] ✅ Successfully inserted: AJO Y PEREJIL DANI BOLSA 40 G
[2025-05-19 14:39:02] Attempting to insert product: {'name': 'BOLETUS 100% CEPS DANI BOLSA 20 G', 'price': 4.44, 'category': 'Sal, salsas y especias', 'store_id': 'condisline', 'quantity': '222,00€/Kilo'}
[2025-05-19 14:39:02] Supabase Response: data=[{'name': 'BOLETUS 100% CEPS DANI BOLSA 20 G', 'price': 4.44, 'category': 'Sal, salsas y especias', 'store_id': 'condisline', 'quantity': '222,00€/Kilo', 'id': '3e443ff1-922d-4e69-905b-edb974e6a619', 'created_at': '2025-05-19T11:39:04.262747'}] count=None
[2025-05-19 14:39:02] ✅ Successfully inserted: BOLETUS 100% CEPS DANI BOLSA 20 G
[2025-05-19 14:39:02] Attempting to insert product: {'name': 'CAYENA EN RAMA DANI BOLSA 40 G', 'price': 1.83, 'category': 'Sal, salsas y especias', 'store_id': 'condisline', 'quantity': '45,75€/Kilo'}
[2025-05-19 14:39:02] Supabase Response: data=[{'name': 'CAYENA EN RAMA DANI BOLSA 40 G', 'price': 1.83, 'category': 'Sal, salsas y especias', 'store_id': 'condisline', 'quantity': '45,75€/Kilo', 'id': '4f29f547-36ff-4614-811c-3b11ca25f20b', 'created_at': '2025-05-19T11:39:04.516385'}] count=None
[2025-05-19 14:39:02] ✅ Successfully inserted: CAYENA EN RAMA DANI BOLSA 40 G
[2025-05-19 14:39:02] Attempting to insert product: {'name': 'FINAS HIERBAS CONDIS  18 G', 'price': 0.85, 'category': 'Sal, salsas y especias', 'store_id': 'condisline', 'quantity': '47,22€/Kilo'}
[2025-05-19 14:39:03] Supabase Response: data=[{'name': 'FINAS HIERBAS CONDIS  18 G', 'price': 0.85, 'category': 'Sal, salsas y especias', 'store_id': 'condisline', 'quantity': '47,22€/Kilo', 'id': '7255f48e-b00d-42c2-86ef-13720296c193', 'created_at': '2025-05-19T11:39:04.756759'}] count=None
[2025-05-19 14:39:03] ✅ Successfully inserted: FINAS HIERBAS CONDIS  18 G
[2025-05-19 14:39:03] Attempting to insert product: {'name': 'SAL FRUTAS COSTA  150 G', 'price': 3.69, 'category': 'Sal, salsas y especias', 'store_id': 'condisline', 'quantity': '24,60€/Kilo'}
[2025-05-19 14:39:03] Supabase Response: data=[{'name': 'SAL FRUTAS COSTA  150 G', 'price': 3.69, 'category': 'Sal, salsas y especias', 'store_id': 'condisline', 'quantity': '24,60€/Kilo', 'id': '8e1344f6-bf5c-4749-b11b-75d943819410', 'created_at': '2025-05-19T11:39:05.086806'}] count=None
[2025-05-19 14:39:03] ✅ Successfully inserted: SAL FRUTAS COSTA  150 G
[2025-05-19 14:39:03] Attempting to insert product: {'name': 'RAGU CUCINA ANT DI MANZO 190 G', 'price': 3.85, 'category': 'Sal, salsas y especias', 'store_id': 'condisline', 'quantity': '20,26€/Kilo'}
[2025-05-19 14:39:03] Supabase Response: data=[{'name': 'RAGU CUCINA ANT DI MANZO 190 G', 'price': 3.85, 'category': 'Sal, salsas y especias', 'store_id': 'condisline', 'quantity': '20,26€/Kilo', 'id': '6a63ba5e-1926-4dcf-b17e-a20495e92680', 'created_at': '2025-05-19T11:39:05.401567'}] count=None
[2025-05-19 14:39:03] ✅ Successfully inserted: RAGU CUCINA ANT DI MANZO 190 G
[2025-05-19 14:39:03] Attempting to insert product: {'name': 'POMODORINA CUCINA ANT ACEITE OLIVA 230 G', 'price': 2.85, 'category': 'Sal, salsas y especias', 'store_id': 'condisline', 'quantity': '12,39€/Kilo'}
[2025-05-19 14:39:04] Supabase Response: data=[{'name': 'POMODORINA CUCINA ANT ACEITE OLIVA 230 G', 'price': 2.85, 'category': 'Sal, salsas y especias', 'store_id': 'condisline', 'quantity': '12,39€/Kilo', 'id': '81e3b1a3-f4e3-4fc5-ba79-70197e520053', 'created_at': '2025-05-19T11:39:05.669595'}] count=None
[2025-05-19 14:39:04] ✅ Successfully inserted: POMODORINA CUCINA ANT ACEITE OLIVA 230 G
[2025-05-19 14:39:04] Attempting to insert product: {'name': 'SALSA LEA PERRIN ORIGINAL 150 ML', 'price': 3.25, 'category': 'Sal, salsas y especias', 'store_id': 'condisline', 'quantity': '21,67€/Kilo'}
[2025-05-19 14:39:04] Supabase Response: data=[{'name': 'SALSA LEA PERRIN ORIGINAL 150 ML', 'price': 3.25, 'category': 'Sal, salsas y especias', 'store_id': 'condisline', 'quantity': '21,67€/Kilo', 'id': '18f26a3b-08e7-4874-b466-678a451bf5e5', 'created_at': '2025-05-19T11:39:06.174016'}] count=None
[2025-05-19 14:39:04] ✅ Successfully inserted: SALSA LEA PERRIN ORIGINAL 150 ML
[2025-05-19 14:39:04] Attempting to insert product: {'name': 'MAYONESA HEINZ CEBOLLA CARAMELIZADA Y AJO 395 G', 'price': 3.35, 'category': 'Sal, salsas y especias', 'store_id': 'condisline', 'quantity': '8,48€/Kilo'}
[2025-05-19 14:39:04] Supabase Response: data=[{'name': 'MAYONESA HEINZ CEBOLLA CARAMELIZADA Y AJO 395 G', 'price': 3.35, 'category': 'Sal, salsas y especias', 'store_id': 'condisline', 'quantity': '8,48€/Kilo', 'id': 'a81df081-d924-4592-ac45-d9caf78a93fd', 'created_at': '2025-05-19T11:39:06.494013'}] count=None
[2025-05-19 14:39:04] ✅ Successfully inserted: MAYONESA HEINZ CEBOLLA CARAMELIZADA Y AJO 395 G
[2025-05-19 14:39:04] Attempting to insert product: {'name': 'SENDERUELA DANI MOIXERONS BOLSA 20 G', 'price': 4.85, 'category': 'Sal, salsas y especias', 'store_id': 'condisline', 'quantity': '242,50€/Kilo'}
[2025-05-19 14:39:05] Supabase Response: data=[{'name': 'SENDERUELA DANI MOIXERONS BOLSA 20 G', 'price': 4.85, 'category': 'Sal, salsas y especias', 'store_id': 'condisline', 'quantity': '242,50€/Kilo', 'id': 'c1cdeb29-afcc-4e73-9a01-64f25fb0e7ef', 'created_at': '2025-05-19T11:39:07.054652'}] count=None
[2025-05-19 14:39:05] ✅ Successfully inserted: SENDERUELA DANI MOIXERONS BOLSA 20 G
[2025-05-19 14:39:05] Attempting to insert product: {'name': 'ENELDO EN HOJA DANI 17 G', 'price': 1.29, 'category': 'Sal, salsas y especias', 'store_id': 'condisline', 'quantity': '75,88€/Kilo'}
[2025-05-19 14:39:05] Supabase Response: data=[{'name': 'ENELDO EN HOJA DANI 17 G', 'price': 1.29, 'category': 'Sal, salsas y especias', 'store_id': 'condisline', 'quantity': '75,88€/Kilo', 'id': '33f46f88-fca8-4926-8b87-6641cba90901', 'created_at': '2025-05-19T11:39:07.293842'}] count=None
[2025-05-19 14:39:05] ✅ Successfully inserted: ENELDO EN HOJA DANI 17 G
[2025-05-19 14:39:05] Attempting to insert product: {'name': 'OREGANO CONDIS MOLIDO 30 G', 'price': 0.85, 'category': 'Sal, salsas y especias', 'store_id': 'condisline', 'quantity': '28,33€/Kilo'}
[2025-05-19 14:39:05] Supabase Response: data=[{'name': 'OREGANO CONDIS MOLIDO 30 G', 'price': 0.85, 'category': 'Sal, salsas y especias', 'store_id': 'condisline', 'quantity': '28,33€/Kilo', 'id': 'e80f5618-ca90-4539-8b46-7b6555193efc', 'created_at': '2025-05-19T11:39:07.512419'}] count=None
[2025-05-19 14:39:05] ✅ Successfully inserted: OREGANO CONDIS MOLIDO 30 G
[2025-05-19 14:39:05] Attempting to insert product: {'name': 'PIMIENTA CONDIS BLANCA MOLIDA 45 G', 'price': 1.19, 'category': 'Sal, salsas y especias', 'store_id': 'condisline', 'quantity': '26,44€/Kilo'}
[2025-05-19 14:39:06] Supabase Response: data=[{'name': 'PIMIENTA CONDIS BLANCA MOLIDA 45 G', 'price': 1.19, 'category': 'Sal, salsas y especias', 'store_id': 'condisline', 'quantity': '26,44€/Kilo', 'id': 'fa084454-3242-4474-b440-7f8c1ec0f8d4', 'created_at': '2025-05-19T11:39:07.730254'}] count=None
[2025-05-19 14:39:06] ✅ Successfully inserted: PIMIENTA CONDIS BLANCA MOLIDA 45 G
[2025-05-19 14:39:06] Attempting to insert product: {'name': 'SAZONADOR PAELLA CON AZAFRÁN DANI 9 G', 'price': 1.85, 'category': 'Sal, salsas y especias', 'store_id': 'condisline', 'quantity': ''}
[2025-05-19 14:39:06] Supabase Response: data=[{'name': 'SAZONADOR PAELLA CON AZAFRÁN DANI 9 G', 'price': 1.85, 'category': 'Sal, salsas y especias', 'store_id': 'condisline', 'quantity': '', 'id': '3650593f-1d1b-432c-ba2b-8b298fc3c39f', 'created_at': '2025-05-19T11:39:08.305606'}] count=None
[2025-05-19 14:39:06] ✅ Successfully inserted: SAZONADOR PAELLA CON AZAFRÁN DANI 9 G
[2025-05-19 14:39:06] Attempting to insert product: {'name': 'SALSA FERRER CALÇOTS PREMIUM 385 G', 'price': 5.49, 'category': 'Sal, salsas y especias', 'store_id': 'condisline', 'quantity': '14,26€/Kilo'}
[2025-05-19 14:39:06] Supabase Response: data=[{'name': 'SALSA FERRER CALÇOTS PREMIUM 385 G', 'price': 5.49, 'category': 'Sal, salsas y especias', 'store_id': 'condisline', 'quantity': '14,26€/Kilo', 'id': '759bc814-9bfe-4698-af49-a08619470c52', 'created_at': '2025-05-19T11:39:08.535531'}] count=None
[2025-05-19 14:39:06] ✅ Successfully inserted: SALSA FERRER CALÇOTS PREMIUM 385 G
[2025-05-19 14:39:06] Attempting to insert product: {'name': 'SAZONADOR SABOR MÉXICO DANI 40 G', 'price': 1.75, 'category': 'Sal, salsas y especias', 'store_id': 'condisline', 'quantity': '43,75€/Kilo'}
[2025-05-19 14:39:06] Supabase Response: data=[{'name': 'SAZONADOR SABOR MÉXICO DANI 40 G', 'price': 1.75, 'category': 'Sal, salsas y especias', 'store_id': 'condisline', 'quantity': '43,75€/Kilo', 'id': '47c43ca5-d1a9-4091-b97a-fb166ed11a99', 'created_at': '2025-05-19T11:39:08.760713'}] count=None
[2025-05-19 14:39:06] ✅ Successfully inserted: SAZONADOR SABOR MÉXICO DANI 40 G
[2025-05-19 14:39:06] Attempting to insert product: {'name': 'PIMIENTA DE CAYENA DANI 45 G', 'price': 0.95, 'category': 'Sal, salsas y especias', 'store_id': 'condisline', 'quantity': '21,11€/Kilo'}
[2025-05-19 14:39:07] Supabase Response: data=[{'name': 'PIMIENTA DE CAYENA DANI 45 G', 'price': 0.95, 'category': 'Sal, salsas y especias', 'store_id': 'condisline', 'quantity': '21,11€/Kilo', 'id': '7720726c-8fcf-401f-8ef1-10fbf84c2978', 'created_at': '2025-05-19T11:39:09.048227'}] count=None
[2025-05-19 14:39:07] ✅ Successfully inserted: PIMIENTA DE CAYENA DANI 45 G
[2025-05-19 14:39:07] Attempting to insert product: {'name': 'PEREJIL HOJA DANI BOLSA 40 G', 'price': 1.79, 'category': 'Sal, salsas y especias', 'store_id': 'condisline', 'quantity': '44,75€/Kilo'}
[2025-05-19 14:39:07] Supabase Response: data=[{'name': 'PEREJIL HOJA DANI BOLSA 40 G', 'price': 1.79, 'category': 'Sal, salsas y especias', 'store_id': 'condisline', 'quantity': '44,75€/Kilo', 'id': '6160b831-0ee2-4b7b-a82b-337543b3577e', 'created_at': '2025-05-19T11:39:09.258213'}] count=None
[2025-05-19 14:39:07] ✅ Successfully inserted: PEREJIL HOJA DANI BOLSA 40 G
[2025-05-19 14:39:07] Attempting to insert product: {'name': 'ROMERO EN HOJA DANI BOLSA 40 G', 'price': 0.95, 'category': 'Sal, salsas y especias', 'store_id': 'condisline', 'quantity': '23,75€/Kilo'}
[2025-05-19 14:39:07] Supabase Response: data=[{'name': 'ROMERO EN HOJA DANI BOLSA 40 G', 'price': 0.95, 'category': 'Sal, salsas y especias', 'store_id': 'condisline', 'quantity': '23,75€/Kilo', 'id': '31a7a97b-13cd-49c0-bdd7-f51c29076b95', 'created_at': '2025-05-19T11:39:09.65097'}] count=None
[2025-05-19 14:39:07] ✅ Successfully inserted: ROMERO EN HOJA DANI BOLSA 40 G
[2025-05-19 14:39:07] Attempting to insert product: {'name': 'NUEZ MOSCADA ENTERA DANI 35 G', 'price': 1.69, 'category': 'Sal, salsas y especias', 'store_id': 'condisline', 'quantity': '84,50€/Kilo'}
[2025-05-19 14:39:08] Supabase Response: data=[{'name': 'NUEZ MOSCADA ENTERA DANI 35 G', 'price': 1.69, 'category': 'Sal, salsas y especias', 'store_id': 'condisline', 'quantity': '84,50€/Kilo', 'id': 'c44c97d6-72a1-460f-89d9-2e8a2663b5e9', 'created_at': '2025-05-19T11:39:09.962537'}] count=None
[2025-05-19 14:39:08] ✅ Successfully inserted: NUEZ MOSCADA ENTERA DANI 35 G
[2025-05-19 14:39:08] Attempting to insert product: {'name': 'CLAVO CONDIS GRANO 30 G', 'price': 1.19, 'category': 'Sal, salsas y especias', 'store_id': 'condisline', 'quantity': '39,67€/Kilo'}
[2025-05-19 14:39:08] Supabase Response: data=[{'name': 'CLAVO CONDIS GRANO 30 G', 'price': 1.19, 'category': 'Sal, salsas y especias', 'store_id': 'condisline', 'quantity': '39,67€/Kilo', 'id': 'fe64370c-abee-4fb6-8312-d48ca35703f3', 'created_at': '2025-05-19T11:39:10.17877'}] count=None
[2025-05-19 14:39:08] ✅ Successfully inserted: CLAVO CONDIS GRANO 30 G
[2025-05-19 14:39:08] Attempting to insert product: {'name': 'MOSTAZA COOSUR BOCABAJO 300 G', 'price': 1.15, 'category': 'Sal, salsas y especias', 'store_id': 'condisline', 'quantity': '3,83€/Kilo'}
[2025-05-19 14:39:08] Supabase Response: data=[{'name': 'MOSTAZA COOSUR BOCABAJO 300 G', 'price': 1.15, 'category': 'Sal, salsas y especias', 'store_id': 'condisline', 'quantity': '3,83€/Kilo', 'id': '6769d15e-78ad-4fee-a9f3-b9756502617f', 'created_at': '2025-05-19T11:39:10.398211'}] count=None
[2025-05-19 14:39:08] ✅ Successfully inserted: MOSTAZA COOSUR BOCABAJO 300 G
[2025-05-19 14:39:08] Attempting to insert product: {'name': 'MAYONESA CHOVI ORIGINAL PET 400 G', 'price': 1.99, 'category': 'Sal, salsas y especias', 'store_id': 'condisline', 'quantity': '4,98€/Kilo'}
[2025-05-19 14:39:09] Supabase Response: data=[{'name': 'MAYONESA CHOVI ORIGINAL PET 400 G', 'price': 1.99, 'category': 'Sal, salsas y especias', 'store_id': 'condisline', 'quantity': '4,98€/Kilo', 'id': '770a05df-cc2c-4dca-8363-bc1861243acf', 'created_at': '2025-05-19T11:39:10.761448'}] count=None
[2025-05-19 14:39:09] ✅ Successfully inserted: MAYONESA CHOVI ORIGINAL PET 400 G
[2025-05-19 14:39:09] Attempting to insert product: {'name': 'KETCHUP SOLIS TOMATE CULTIVO 550 G', 'price': 2.85, 'category': 'Sal, salsas y especias', 'store_id': 'condisline', 'quantity': '5,18€/Kilo'}
[2025-05-19 14:39:09] Supabase Response: data=[{'name': 'KETCHUP SOLIS TOMATE CULTIVO 550 G', 'price': 2.85, 'category': 'Sal, salsas y especias', 'store_id': 'condisline', 'quantity': '5,18€/Kilo', 'id': '305a4908-7472-49f2-a048-a5ac673f380e', 'created_at': '2025-05-19T11:39:11.175294'}] count=None
[2025-05-19 14:39:09] ✅ Successfully inserted: KETCHUP SOLIS TOMATE CULTIVO 550 G
[2025-05-19 14:39:09] Attempting to insert product: {'name': 'PESTO ROSSO CUCINA ANT  190 G', 'price': 4.75, 'category': 'Sal, salsas y especias', 'store_id': 'condisline', 'quantity': '25,00€/Kilo'}
[2025-05-19 14:39:09] Supabase Response: data=[{'name': 'PESTO ROSSO CUCINA ANT  190 G', 'price': 4.75, 'category': 'Sal, salsas y especias', 'store_id': 'condisline', 'quantity': '25,00€/Kilo', 'id': '4c78ca0a-5e0e-459d-92c0-7bafbab58c4a', 'created_at': '2025-05-19T11:39:11.505677'}] count=None
[2025-05-19 14:39:09] ✅ Successfully inserted: PESTO ROSSO CUCINA ANT  190 G
[2025-05-19 14:39:09] Attempting to insert product: {'name': 'SALSA FERRER XATÓ 135 G', 'price': 2.25, 'category': 'Sal, salsas y especias', 'store_id': 'condisline', 'quantity': '16,67€/Kilo'}
[2025-05-19 14:39:09] Supabase Response: data=[{'name': 'SALSA FERRER XATÓ 135 G', 'price': 2.25, 'category': 'Sal, salsas y especias', 'store_id': 'condisline', 'quantity': '16,67€/Kilo', 'id': '0ea15ffd-dd9a-4426-992c-c78d0d6f80b0', 'created_at': '2025-05-19T11:39:11.804395'}] count=None
[2025-05-19 14:39:09] ✅ Successfully inserted: SALSA FERRER XATÓ 135 G
[2025-05-19 14:39:09] Attempting to insert product: {'name': 'COMINOS EN GRANO DANI 38 G', 'price': 1.29, 'category': 'Sal, salsas y especias', 'store_id': 'condisline', 'quantity': '33,95€/Kilo'}
[2025-05-19 14:39:10] Supabase Response: data=[{'name': 'COMINOS EN GRANO DANI 38 G', 'price': 1.29, 'category': 'Sal, salsas y especias', 'store_id': 'condisline', 'quantity': '33,95€/Kilo', 'id': '203dda5b-9d28-4fd3-a63f-b10df94b49b5', 'created_at': '2025-05-19T11:39:12.026423'}] count=None
[2025-05-19 14:39:10] ✅ Successfully inserted: COMINOS EN GRANO DANI 38 G
[2025-05-19 14:39:10] Attempting to insert product: {'name': 'SAZONADOR SABOR ITALIA DANI 45 G', 'price': 3.39, 'category': 'Sal, salsas y especias', 'store_id': 'condisline', 'quantity': '75,33€/Kilo'}
[2025-05-19 14:39:10] Supabase Response: data=[{'name': 'SAZONADOR SABOR ITALIA DANI 45 G', 'price': 3.39, 'category': 'Sal, salsas y especias', 'store_id': 'condisline', 'quantity': '75,33€/Kilo', 'id': '0c4cd9cf-2874-40da-8d55-4fa50d49b04f', 'created_at': '2025-05-19T11:39:12.31214'}] count=None
[2025-05-19 14:39:10] ✅ Successfully inserted: SAZONADOR SABOR ITALIA DANI 45 G
[2025-05-19 14:39:10] Attempting to insert product: {'name': 'SAL ROSA DEL HIMALAYA DANI 425 G', 'price': 4.69, 'category': 'Sal, salsas y especias', 'store_id': 'condisline', 'quantity': '11,04€/Kilo'}
[2025-05-19 14:39:10] Supabase Response: data=[{'name': 'SAL ROSA DEL HIMALAYA DANI 425 G', 'price': 4.69, 'category': 'Sal, salsas y especias', 'store_id': 'condisline', 'quantity': '11,04€/Kilo', 'id': 'a00ec36e-58bc-436a-b7c0-c7ca4e7495fe', 'created_at': '2025-05-19T11:39:12.528758'}] count=None
[2025-05-19 14:39:10] ✅ Successfully inserted: SAL ROSA DEL HIMALAYA DANI 425 G
[2025-05-19 14:39:10] Attempting to insert product: {'name': 'PIMENTÓN PICANTE AHUMADO DANI 75 G', 'price': 2.99, 'category': 'Sal, salsas y especias', 'store_id': 'condisline', 'quantity': '39,87€/Kilo'}
[2025-05-19 14:39:10] Supabase Response: data=[{'name': 'PIMENTÓN PICANTE AHUMADO DANI 75 G', 'price': 2.99, 'category': 'Sal, salsas y especias', 'store_id': 'condisline', 'quantity': '39,87€/Kilo', 'id': '237dac6d-768f-4ac2-9df8-403805281b4d', 'created_at': '2025-05-19T11:39:12.750836'}] count=None
[2025-05-19 14:39:10] ✅ Successfully inserted: PIMENTÓN PICANTE AHUMADO DANI 75 G
[2025-05-19 14:39:10] Attempting to insert product: {'name': 'SAZONADOR PARA BARBACOA DANI 250 G', 'price': 6.29, 'category': 'Sal, salsas y especias', 'store_id': 'condisline', 'quantity': '25,16€/Kilo'}
[2025-05-19 14:39:11] Supabase Response: data=[{'name': 'SAZONADOR PARA BARBACOA DANI 250 G', 'price': 6.29, 'category': 'Sal, salsas y especias', 'store_id': 'condisline', 'quantity': '25,16€/Kilo', 'id': 'f0ad8fc5-2811-4a1e-adc2-a268ad75a74d', 'created_at': '2025-05-19T11:39:13.051383'}] count=None
[2025-05-19 14:39:11] ✅ Successfully inserted: SAZONADOR PARA BARBACOA DANI 250 G
[2025-05-19 14:39:11] Attempting to insert product: {'name': 'TOMILLO HOJA DANI BOLSA 40 G', 'price': 1.99, 'category': 'Sal, salsas y especias', 'store_id': 'condisline', 'quantity': '49,75€/Kilo'}
[2025-05-19 14:39:11] Supabase Response: data=[{'name': 'TOMILLO HOJA DANI BOLSA 40 G', 'price': 1.99, 'category': 'Sal, salsas y especias', 'store_id': 'condisline', 'quantity': '49,75€/Kilo', 'id': '106f5b24-8d6f-4744-bcc2-65c36c30a2a9', 'created_at': '2025-05-19T11:39:13.340814'}] count=None
[2025-05-19 14:39:11] ✅ Successfully inserted: TOMILLO HOJA DANI BOLSA 40 G
[2025-05-19 14:39:11] Attempting to insert product: {'name': 'PREPARADO CONDIS PAELLA 45 G', 'price': 0.85, 'category': 'Sal, salsas y especias', 'store_id': 'condisline', 'quantity': '18,89€/Kilo'}
[2025-05-19 14:39:11] Supabase Response: data=[{'name': 'PREPARADO CONDIS PAELLA 45 G', 'price': 0.85, 'category': 'Sal, salsas y especias', 'store_id': 'condisline', 'quantity': '18,89€/Kilo', 'id': '68ec5dfa-a4b1-4d7d-aff6-02cfe855f14a', 'created_at': '2025-05-19T11:39:13.563845'}] count=None
[2025-05-19 14:39:11] ✅ Successfully inserted: PREPARADO CONDIS PAELLA 45 G
[2025-05-19 14:39:11] Attempting to insert product: {'name': 'SAZONADOR SABOR HISPANIA DANI 40 G', 'price': 3.05, 'category': 'Sal, salsas y especias', 'store_id': 'condisline', 'quantity': '76,25€/Kilo'}
[2025-05-19 14:39:12] Supabase Response: data=[{'name': 'SAZONADOR SABOR HISPANIA DANI 40 G', 'price': 3.05, 'category': 'Sal, salsas y especias', 'store_id': 'condisline', 'quantity': '76,25€/Kilo', 'id': '3f88f821-43fe-4117-b217-4d6b829d853e', 'created_at': '2025-05-19T11:39:13.851596'}] count=None
[2025-05-19 14:39:12] ✅ Successfully inserted: SAZONADOR SABOR HISPANIA DANI 40 G
[2025-05-19 14:39:12] Attempting to insert product: {'name': 'ANÍS EN GRANO DANI 35 G', 'price': 1.39, 'category': 'Sal, salsas y especias', 'store_id': 'condisline', 'quantity': '39,71€/Kilo'}
[2025-05-19 14:39:12] Supabase Response: data=[{'name': 'ANÍS EN GRANO DANI 35 G', 'price': 1.39, 'category': 'Sal, salsas y especias', 'store_id': 'condisline', 'quantity': '39,71€/Kilo', 'id': '29656236-3e37-4259-b8e0-547782079cbd', 'created_at': '2025-05-19T11:39:14.235175'}] count=None
[2025-05-19 14:39:12] ✅ Successfully inserted: ANÍS EN GRANO DANI 35 G
[2025-05-19 14:39:12] Attempting to insert product: {'name': 'PREPARADO PARA REBOZADO DANI SIN GLUTEN 470 G', 'price': 4.95, 'category': 'Sal, salsas y especias', 'store_id': 'condisline', 'quantity': '10,53€/Kilo'}
[2025-05-19 14:39:13] Supabase Response: data=[{'name': 'PREPARADO PARA REBOZADO DANI SIN GLUTEN 470 G', 'price': 4.95, 'category': 'Sal, salsas y especias', 'store_id': 'condisline', 'quantity': '10,53€/Kilo', 'id': '85b69482-39ea-43c3-a714-c43a71fa741f', 'created_at': '2025-05-19T11:39:14.659852'}] count=None
[2025-05-19 14:39:13] ✅ Successfully inserted: PREPARADO PARA REBOZADO DANI SIN GLUTEN 470 G
[2025-05-19 14:39:13] Attempting to insert product: {'name': 'SAL DE AJO DANI 100 G', 'price': 1.55, 'category': 'Sal, salsas y especias', 'store_id': 'condisline', 'quantity': '15,50€/Kilo'}
[2025-05-19 14:39:13] Supabase Response: data=[{'name': 'SAL DE AJO DANI 100 G', 'price': 1.55, 'category': 'Sal, salsas y especias', 'store_id': 'condisline', 'quantity': '15,50€/Kilo', 'id': '44679be0-e6d5-4309-af90-4b3b55532de9', 'created_at': '2025-05-19T11:39:15.100638'}] count=None
[2025-05-19 14:39:13] ✅ Successfully inserted: SAL DE AJO DANI 100 G
[2025-05-19 14:39:13] Attempting to insert product: {'name': 'SAZONADOR SABOR THAILANDIA DANI 45 G', 'price': 3.19, 'category': 'Sal, salsas y especias', 'store_id': 'condisline', 'quantity': '70,89€/Kilo'}
[2025-05-19 14:39:14] Supabase Response: data=[{'name': 'SAZONADOR SABOR THAILANDIA DANI 45 G', 'price': 3.19, 'category': 'Sal, salsas y especias', 'store_id': 'condisline', 'quantity': '70,89€/Kilo', 'id': '4ddf0da7-4d26-4ee6-b498-89e172c2e9e3', 'created_at': '2025-05-19T11:39:15.384754'}] count=None
[2025-05-19 14:39:14] ✅ Successfully inserted: SAZONADOR SABOR THAILANDIA DANI 45 G
[2025-05-19 14:39:14] Attempting to insert product: {'name': 'SALSA ZANUY CHEDDAR CHEESE 200 G', 'price': 1.99, 'category': 'Sal, salsas y especias', 'store_id': 'condisline', 'quantity': '9,95€/Kilo'}
[2025-05-19 14:39:14] Supabase Response: data=[{'name': 'SALSA ZANUY CHEDDAR CHEESE 200 G', 'price': 1.99, 'category': 'Sal, salsas y especias', 'store_id': 'condisline', 'quantity': '9,95€/Kilo', 'id': 'c2f8ccd3-c9a3-44e8-8989-c2b31d23c878', 'created_at': '2025-05-19T11:39:16.55214'}] count=None
[2025-05-19 14:39:14] ✅ Successfully inserted: SALSA ZANUY CHEDDAR CHEESE 200 G
[2025-05-19 14:39:14] Attempting to insert product: {'name': 'SALSA CUCINA ANT ALLA ZINGARA 190 G', 'price': 2.75, 'category': 'Sal, salsas y especias', 'store_id': 'condisline', 'quantity': '14,47€/Kilo'}
[2025-05-19 14:39:15] Supabase Response: data=[{'name': 'SALSA CUCINA ANT ALLA ZINGARA 190 G', 'price': 2.75, 'category': 'Sal, salsas y especias', 'store_id': 'condisline', 'quantity': '14,47€/Kilo', 'id': 'ffca1e6d-8338-4501-aa4a-672dd8096fe6', 'created_at': '2025-05-19T11:39:16.82369'}] count=None
[2025-05-19 14:39:15] ✅ Successfully inserted: SALSA CUCINA ANT ALLA ZINGARA 190 G
[2025-05-19 14:39:15] Attempting to insert product: {'name': 'SPAGHETTINA CUCINA ANT AL BASILICO 230 G', 'price': 2.65, 'category': 'Sal, salsas y especias', 'store_id': 'condisline', 'quantity': '11,52€/Kilo'}
[2025-05-19 14:39:15] Supabase Response: data=[{'name': 'SPAGHETTINA CUCINA ANT AL BASILICO 230 G', 'price': 2.65, 'category': 'Sal, salsas y especias', 'store_id': 'condisline', 'quantity': '11,52€/Kilo', 'id': '8289a3fa-be3a-49bb-a30d-874654e6024a', 'created_at': '2025-05-19T11:39:17.31262'}] count=None
[2025-05-19 14:39:15] ✅ Successfully inserted: SPAGHETTINA CUCINA ANT AL BASILICO 230 G
[2025-05-19 14:39:15] Attempting to insert product: {'name': 'ALLIOLI CASA AMELL BIO VEGANO 180 G', 'price': 2.79, 'category': 'Sal, salsas y especias', 'store_id': 'condisline', 'quantity': '15,50€/Kilo'}
[2025-05-19 14:39:16] Supabase Response: data=[{'name': 'ALLIOLI CASA AMELL BIO VEGANO 180 G', 'price': 2.79, 'category': 'Sal, salsas y especias', 'store_id': 'condisline', 'quantity': '15,50€/Kilo', 'id': 'f43af94b-9afe-4cd1-ae88-176a28185326', 'created_at': '2025-05-19T11:39:18.02707'}] count=None
[2025-05-19 14:39:16] ✅ Successfully inserted: ALLIOLI CASA AMELL BIO VEGANO 180 G
[2025-05-19 14:39:16] Attempting to insert product: {'name': 'PESTO CUCINA ANT ALLA GENOVESE 180 G', 'price': 3.89, 'category': 'Sal, salsas y especias', 'store_id': 'condisline', 'quantity': '21,61€/Kilo'}
[2025-05-19 14:39:17] Supabase Response: data=[{'name': 'PESTO CUCINA ANT ALLA GENOVESE 180 G', 'price': 3.89, 'category': 'Sal, salsas y especias', 'store_id': 'condisline', 'quantity': '21,61€/Kilo', 'id': '5f63b82c-01ad-4856-81ca-06c8d03c82aa', 'created_at': '2025-05-19T11:39:18.415365'}] count=None
[2025-05-19 14:39:17] ✅ Successfully inserted: PESTO CUCINA ANT ALLA GENOVESE 180 G
[2025-05-19 14:39:17] Attempting to insert product: {'name': 'MAYOFABA CASA AMELL BIO VEGANA 180 G', 'price': 3.69, 'category': 'Sal, salsas y especias', 'store_id': 'condisline', 'quantity': '20,50€/Kilo'}
[2025-05-19 14:39:17] Supabase Response: data=[{'name': 'MAYOFABA CASA AMELL BIO VEGANA 180 G', 'price': 3.69, 'category': 'Sal, salsas y especias', 'store_id': 'condisline', 'quantity': '20,50€/Kilo', 'id': '273368be-174d-42ed-8498-9ac31b06b00c', 'created_at': '2025-05-19T11:39:19.102289'}] count=None
[2025-05-19 14:39:17] ✅ Successfully inserted: MAYOFABA CASA AMELL BIO VEGANA 180 G
[2025-05-19 14:39:17] Attempting to insert product: {'name': 'SALSA ALFONSO TORRES APERITIVO 90 ML', 'price': 1.99, 'category': 'Sal, salsas y especias', 'store_id': 'condisline', 'quantity': '22,11€/Kilo'}
[2025-05-19 14:39:17] Supabase Response: data=[{'name': 'SALSA ALFONSO TORRES APERITIVO 90 ML', 'price': 1.99, 'category': 'Sal, salsas y especias', 'store_id': 'condisline', 'quantity': '22,11€/Kilo', 'id': 'eb6665af-b6a5-4f7d-93ea-81709b5c1019', 'created_at': '2025-05-19T11:39:19.390374'}] count=None
[2025-05-19 14:39:17] ✅ Successfully inserted: SALSA ALFONSO TORRES APERITIVO 90 ML
[2025-05-19 14:39:30] Attempting to insert product: {'name': 'ELICOIDALI GAROFALO  500 G', 'price': 1.79, 'category': 'Arroz, pasta y legumbres', 'store_id': 'condisline', 'quantity': '3,58€/Kilo'}
[2025-05-19 14:39:31] Supabase Response: data=[{'name': 'ELICOIDALI GAROFALO  500 G', 'price': 1.79, 'category': 'Arroz, pasta y legumbres', 'store_id': 'condisline', 'quantity': '3,58€/Kilo', 'id': 'fb6677b8-4e63-459a-bb1e-4239277e0095', 'created_at': '2025-05-19T11:39:33.556614'}] count=None
[2025-05-19 14:39:31] ✅ Successfully inserted: ELICOIDALI GAROFALO  500 G
[2025-05-19 14:39:31] Attempting to insert product: {'name': 'FUSILLI GAROFALO  500 G', 'price': 1.79, 'category': 'Arroz, pasta y legumbres', 'store_id': 'condisline', 'quantity': '3,58€/Kilo'}
[2025-05-19 14:39:32] Supabase Response: data=[{'name': 'FUSILLI GAROFALO  500 G', 'price': 1.79, 'category': 'Arroz, pasta y legumbres', 'store_id': 'condisline', 'quantity': '3,58€/Kilo', 'id': '7d5f8b4b-c662-4924-827b-29d5ba0b4e11', 'created_at': '2025-05-19T11:39:34.014859'}] count=None
[2025-05-19 14:39:32] ✅ Successfully inserted: FUSILLI GAROFALO  500 G
[2025-05-19 14:39:32] Attempting to insert product: {'name': 'LENTEJAS LUENGO PARDINA 500 G', 'price': 2.07, 'category': 'Arroz, pasta y legumbres', 'store_id': 'condisline', 'quantity': '4,14€/Kilo'}
[2025-05-19 14:39:32] Supabase Response: data=[{'name': 'LENTEJAS LUENGO PARDINA 500 G', 'price': 2.07, 'category': 'Arroz, pasta y legumbres', 'store_id': 'condisline', 'quantity': '4,14€/Kilo', 'id': '7ab8c99a-6165-46ae-905d-9dcc2839bb70', 'created_at': '2025-05-19T11:39:34.298369'}] count=None
[2025-05-19 14:39:32] ✅ Successfully inserted: LENTEJAS LUENGO PARDINA 500 G
[2025-05-19 14:39:32] Attempting to insert product: {'name': 'RADIATORI GAROFALO  500 G', 'price': 1.79, 'category': 'Arroz, pasta y legumbres', 'store_id': 'condisline', 'quantity': '3,58€/Kilo'}
[2025-05-19 14:39:33] Supabase Response: data=[{'name': 'RADIATORI GAROFALO  500 G', 'price': 1.79, 'category': 'Arroz, pasta y legumbres', 'store_id': 'condisline', 'quantity': '3,58€/Kilo', 'id': 'e115c84a-6a60-4ed4-9a3d-6de60e64ee1b', 'created_at': '2025-05-19T11:39:34.716898'}] count=None
[2025-05-19 14:39:33] ✅ Successfully inserted: RADIATORI GAROFALO  500 G
[2025-05-19 14:39:33] Attempting to insert product: {'name': 'SPAGHETTI GAROFALO  500 G', 'price': 1.79, 'category': 'Arroz, pasta y legumbres', 'store_id': 'condisline', 'quantity': '3,58€/Kilo'}
[2025-05-19 14:39:33] Supabase Response: data=[{'name': 'SPAGHETTI GAROFALO  500 G', 'price': 1.79, 'category': 'Arroz, pasta y legumbres', 'store_id': 'condisline', 'quantity': '3,58€/Kilo', 'id': '88e10afb-2a6d-4054-8312-1c0d0684f722', 'created_at': '2025-05-19T11:39:35.411558'}] count=None
[2025-05-19 14:39:33] ✅ Successfully inserted: SPAGHETTI GAROFALO  500 G
[2025-05-19 14:39:33] Attempting to insert product: {'name': 'QUINOA SOS  250 G', 'price': 1.95, 'category': 'Arroz, pasta y legumbres', 'store_id': 'condisline', 'quantity': '7,80€/Kilo'}
[2025-05-19 14:39:34] Supabase Response: data=[{'name': 'QUINOA SOS  250 G', 'price': 1.95, 'category': 'Arroz, pasta y legumbres', 'store_id': 'condisline', 'quantity': '7,80€/Kilo', 'id': '0ecd06c3-457b-40ca-aad8-5541960f45f2', 'created_at': '2025-05-19T11:39:35.899395'}] count=None
[2025-05-19 14:39:34] ✅ Successfully inserted: QUINOA SOS  250 G
[2025-05-19 14:39:34] Attempting to insert product: {'name': 'TAGLIATELLE GAROFALO NIDO 500 G', 'price': 2.95, 'category': 'Arroz, pasta y legumbres', 'store_id': 'condisline', 'quantity': '5,90€/Kilo'}
[2025-05-19 14:39:34] Supabase Response: data=[{'name': 'TAGLIATELLE GAROFALO NIDO 500 G', 'price': 2.95, 'category': 'Arroz, pasta y legumbres', 'store_id': 'condisline', 'quantity': '5,90€/Kilo', 'id': '8e4f803d-d1a8-4660-90f5-06d727f59fb7', 'created_at': '2025-05-19T11:39:36.202214'}] count=None
[2025-05-19 14:39:34] ✅ Successfully inserted: TAGLIATELLE GAROFALO NIDO 500 G
[2025-05-19 14:39:34] Attempting to insert product: {'name': 'ARROZ TILDA BASMATI 1 KG', 'price': 3.45, 'category': 'Arroz, pasta y legumbres', 'store_id': 'condisline', 'quantity': '3,45€/Kilo'}
[2025-05-19 14:39:34] Supabase Response: data=[{'name': 'ARROZ TILDA BASMATI 1 KG', 'price': 3.45, 'category': 'Arroz, pasta y legumbres', 'store_id': 'condisline', 'quantity': '3,45€/Kilo', 'id': '03b73329-ba54-4c87-87a4-5d182c6b4898', 'created_at': '2025-05-19T11:39:36.499208'}] count=None
[2025-05-19 14:39:34] ✅ Successfully inserted: ARROZ TILDA BASMATI 1 KG
[2025-05-19 14:39:34] Attempting to insert product: {'name': 'ARROZ SCOTTI ARBORIO PARA RISOTTO 500 G', 'price': 1.97, 'category': 'Arroz, pasta y legumbres', 'store_id': 'condisline', 'quantity': '3,94€/Kilo'}
[2025-05-19 14:39:35] Supabase Response: data=[{'name': 'ARROZ SCOTTI ARBORIO PARA RISOTTO 500 G', 'price': 1.97, 'category': 'Arroz, pasta y legumbres', 'store_id': 'condisline', 'quantity': '3,94€/Kilo', 'id': '137ac95c-81b2-45db-9dd3-52d30b59a3ae', 'created_at': '2025-05-19T11:39:36.915969'}] count=None
[2025-05-19 14:39:35] ✅ Successfully inserted: ARROZ SCOTTI ARBORIO PARA RISOTTO 500 G
[2025-05-19 14:39:35] Attempting to insert product: {'name': 'FUSILLI LA MOLISAN INTEGRAL 500 G', 'price': 1.99, 'category': 'Arroz, pasta y legumbres', 'store_id': 'condisline', 'quantity': '3,98€/Kilo'}
[2025-05-19 14:39:35] Supabase Response: data=[{'name': 'FUSILLI LA MOLISAN INTEGRAL 500 G', 'price': 1.99, 'category': 'Arroz, pasta y legumbres', 'store_id': 'condisline', 'quantity': '3,98€/Kilo', 'id': 'c92170ae-ec20-4fe7-a3f3-f58508b061f4', 'created_at': '2025-05-19T11:39:37.391903'}] count=None
[2025-05-19 14:39:35] ✅ Successfully inserted: FUSILLI LA MOLISAN INTEGRAL 500 G
[2025-05-19 14:39:35] Attempting to insert product: {'name': 'CHÍA SOS VIDASANA 200 G', 'price': 1.95, 'category': 'Arroz, pasta y legumbres', 'store_id': 'condisline', 'quantity': '9,75€/Kilo'}
[2025-05-19 14:39:35] Supabase Response: data=[{'name': 'CHÍA SOS VIDASANA 200 G', 'price': 1.95, 'category': 'Arroz, pasta y legumbres', 'store_id': 'condisline', 'quantity': '9,75€/Kilo', 'id': 'acb91285-01b7-4fbd-ba07-eead5e3166aa', 'created_at': '2025-05-19T11:39:37.62493'}] count=None
[2025-05-19 14:39:35] ✅ Successfully inserted: CHÍA SOS VIDASANA 200 G
[2025-05-19 14:39:35] Attempting to insert product: {'name': 'SPAGUETTI XL GALLO AL BRONCE 450 G', 'price': 1.39, 'category': 'Arroz, pasta y legumbres', 'store_id': 'condisline', 'quantity': '3,09€/Kilo'}
[2025-05-19 14:39:36] Supabase Response: data=[{'name': 'SPAGUETTI XL GALLO AL BRONCE 450 G', 'price': 1.39, 'category': 'Arroz, pasta y legumbres', 'store_id': 'condisline', 'quantity': '3,09€/Kilo', 'id': '9423be7c-3056-40df-822c-34b5f0ac9652', 'created_at': '2025-05-19T11:39:37.883899'}] count=None
[2025-05-19 14:39:36] ✅ Successfully inserted: SPAGUETTI XL GALLO AL BRONCE 450 G
[2025-05-19 14:39:36] Attempting to insert product: {'name': 'PLUMAS XL GALLO AL BRONCE 450 G', 'price': 1.39, 'category': 'Arroz, pasta y legumbres', 'store_id': 'condisline', 'quantity': '3,09€/Kilo'}
[2025-05-19 14:39:36] Supabase Response: data=[{'name': 'PLUMAS XL GALLO AL BRONCE 450 G', 'price': 1.39, 'category': 'Arroz, pasta y legumbres', 'store_id': 'condisline', 'quantity': '3,09€/Kilo', 'id': 'd0d15264-214b-4d3f-8ccf-b3e2aea49e40', 'created_at': '2025-05-19T11:39:38.118152'}] count=None
[2025-05-19 14:39:36] ✅ Successfully inserted: PLUMAS XL GALLO AL BRONCE 450 G
[2025-05-19 14:39:36] Attempting to insert product: {'name': 'HÉLICES XL GALLO AL BRONCE 450 G', 'price': 1.39, 'category': 'Arroz, pasta y legumbres', 'store_id': 'condisline', 'quantity': '3,09€/Kilo'}
[2025-05-19 14:39:36] Supabase Response: data=[{'name': 'HÉLICES XL GALLO AL BRONCE 450 G', 'price': 1.39, 'category': 'Arroz, pasta y legumbres', 'store_id': 'condisline', 'quantity': '3,09€/Kilo', 'id': 'a9f5b672-b072-4fd5-bac3-f210d93ceda6', 'created_at': '2025-05-19T11:39:38.338595'}] count=None
[2025-05-19 14:39:36] ✅ Successfully inserted: HÉLICES XL GALLO AL BRONCE 450 G
[2025-05-19 14:39:36] Attempting to insert product: {'name': 'PASTA GALLO ESPAGUETI N.3 900 G', 'price': 1.99, 'category': 'Arroz, pasta y legumbres', 'store_id': 'condisline', 'quantity': '2,21€/Kilo'}
[2025-05-19 14:39:36] Supabase Response: data=[{'name': 'PASTA GALLO ESPAGUETI N.3 900 G', 'price': 1.99, 'category': 'Arroz, pasta y legumbres', 'store_id': 'condisline', 'quantity': '2,21€/Kilo', 'id': '1a71f9e2-f5b4-4000-8671-248f5270100c', 'created_at': '2025-05-19T11:39:38.584405'}] count=None
[2025-05-19 14:39:36] ✅ Successfully inserted: PASTA GALLO ESPAGUETI N.3 900 G
[2025-05-19 14:39:36] Attempting to insert product: {'name': 'ARROZ NOMEN  500 G', 'price': 1.05, 'category': 'Arroz, pasta y legumbres', 'store_id': 'condisline', 'quantity': '2,10€/Kilo'}
[2025-05-19 14:39:37] Supabase Response: data=[{'name': 'ARROZ NOMEN  500 G', 'price': 1.05, 'category': 'Arroz, pasta y legumbres', 'store_id': 'condisline', 'quantity': '2,10€/Kilo', 'id': '6366c675-8c16-47a2-a760-d1027689701c', 'created_at': '2025-05-19T11:39:38.840412'}] count=None
[2025-05-19 14:39:37] ✅ Successfully inserted: ARROZ NOMEN  500 G
[2025-05-19 14:39:37] Attempting to insert product: {'name': 'PASTA GALLO PLUMAS N.6 900 G', 'price': 1.99, 'category': 'Arroz, pasta y legumbres', 'store_id': 'condisline', 'quantity': '2,21€/Kilo'}
[2025-05-19 14:39:37] Supabase Response: data=[{'name': 'PASTA GALLO PLUMAS N.6 900 G', 'price': 1.99, 'category': 'Arroz, pasta y legumbres', 'store_id': 'condisline', 'quantity': '2,21€/Kilo', 'id': '098d9596-615a-450e-aee0-68bf3547d226', 'created_at': '2025-05-19T11:39:39.07201'}] count=None
[2025-05-19 14:39:37] ✅ Successfully inserted: PASTA GALLO PLUMAS N.6 900 G
[2025-05-19 14:39:37] Attempting to insert product: {'name': 'GARBANZOS LUENGO SELECTO 500 G', 'price': 1.89, 'category': 'Arroz, pasta y legumbres', 'store_id': 'condisline', 'quantity': '3,78€/Kilo'}
[2025-05-19 14:39:37] Supabase Response: data=[{'name': 'GARBANZOS LUENGO SELECTO 500 G', 'price': 1.89, 'category': 'Arroz, pasta y legumbres', 'store_id': 'condisline', 'quantity': '3,78€/Kilo', 'id': '6b218c30-9605-481d-bf88-866c53e43df7', 'created_at': '2025-05-19T11:39:39.27914'}] count=None
[2025-05-19 14:39:37] ✅ Successfully inserted: GARBANZOS LUENGO SELECTO 500 G
[2025-05-19 14:39:37] Attempting to insert product: {'name': 'TRIGO NOMEN TIERNO 500 G', 'price': 2.5, 'category': 'Arroz, pasta y legumbres', 'store_id': 'condisline', 'quantity': '5,00€/Kilo'}
[2025-05-19 14:39:37] Supabase Response: data=[{'name': 'TRIGO NOMEN TIERNO 500 G', 'price': 2.5, 'category': 'Arroz, pasta y legumbres', 'store_id': 'condisline', 'quantity': '5,00€/Kilo', 'id': 'fcf1d469-e107-499e-bcfd-00e3a9ee3541', 'created_at': '2025-05-19T11:39:39.500094'}] count=None
[2025-05-19 14:39:37] ✅ Successfully inserted: TRIGO NOMEN TIERNO 500 G
[2025-05-19 14:39:37] Attempting to insert product: {'name': 'MACARRONES CONDIS ECO 500 G', 'price': 1.99, 'category': 'Arroz, pasta y legumbres', 'store_id': 'condisline', 'quantity': '3,98€/Kilo'}
[2025-05-19 14:39:37] Supabase Response: data=[{'name': 'MACARRONES CONDIS ECO 500 G', 'price': 1.99, 'category': 'Arroz, pasta y legumbres', 'store_id': 'condisline', 'quantity': '3,98€/Kilo', 'id': '3b3b1b9a-1f5d-4745-a07e-d7d61c3299f2', 'created_at': '2025-05-19T11:39:39.750839'}] count=None
[2025-05-19 14:39:37] ✅ Successfully inserted: MACARRONES CONDIS ECO 500 G
[2025-05-19 14:39:37] Attempting to insert product: {'name': 'ARROZ NOMEN EXTRA 1 KG', 'price': 1.89, 'category': 'Arroz, pasta y legumbres', 'store_id': 'condisline', 'quantity': '1,89€/Kilo'}
[2025-05-19 14:39:38] Supabase Response: data=[{'name': 'ARROZ NOMEN EXTRA 1 KG', 'price': 1.89, 'category': 'Arroz, pasta y legumbres', 'store_id': 'condisline', 'quantity': '1,89€/Kilo', 'id': '5059040e-54cf-4c60-a7d4-77d71518ba39', 'created_at': '2025-05-19T11:39:39.966381'}] count=None
[2025-05-19 14:39:38] ✅ Successfully inserted: ARROZ NOMEN EXTRA 1 KG
[2025-05-19 14:39:38] Attempting to insert product: {'name': 'ARROZ BRILLANTE BASMATI 2 X 125 G', 'price': 1.34, 'category': 'Arroz, pasta y legumbres', 'store_id': 'condisline', 'quantity': '5,36€/Kilo'}
[2025-05-19 14:39:38] Supabase Response: data=[{'name': 'ARROZ BRILLANTE BASMATI 2 X 125 G', 'price': 1.34, 'category': 'Arroz, pasta y legumbres', 'store_id': 'condisline', 'quantity': '5,36€/Kilo', 'id': '689f252f-b646-4ae4-ae52-901914afd1be', 'created_at': '2025-05-19T11:39:40.200195'}] count=None
[2025-05-19 14:39:38] ✅ Successfully inserted: ARROZ BRILLANTE BASMATI 2 X 125 G
[2025-05-19 14:39:38] Attempting to insert product: {'name': 'PASTA CONDIS MACARRONES 500 G', 'price': 0.79, 'category': 'Arroz, pasta y legumbres', 'store_id': 'condisline', 'quantity': '1,58€/Kilo'}
[2025-05-19 14:39:38] Supabase Response: data=[{'name': 'PASTA CONDIS MACARRONES 500 G', 'price': 0.79, 'category': 'Arroz, pasta y legumbres', 'store_id': 'condisline', 'quantity': '1,58€/Kilo', 'id': '706f2495-f522-4f57-9161-864b6d3b5226', 'created_at': '2025-05-19T11:39:40.416448'}] count=None
[2025-05-19 14:39:38] ✅ Successfully inserted: PASTA CONDIS MACARRONES 500 G
[2025-05-19 14:39:38] Attempting to insert product: {'name': 'ARROZ REDONDO TRADICIONAL BRILLANTE 2 X 125 G', 'price': 1.25, 'category': 'Arroz, pasta y legumbres', 'store_id': 'condisline', 'quantity': '5,00€/Kilo'}
[2025-05-19 14:39:38] Supabase Response: data=[{'name': 'ARROZ REDONDO TRADICIONAL BRILLANTE 2 X 125 G', 'price': 1.25, 'category': 'Arroz, pasta y legumbres', 'store_id': 'condisline', 'quantity': '5,00€/Kilo', 'id': '5f2ebf33-ac40-4f4d-9d1c-8623d23e2595', 'created_at': '2025-05-19T11:39:40.679288'}] count=None
[2025-05-19 14:39:38] ✅ Successfully inserted: ARROZ REDONDO TRADICIONAL BRILLANTE 2 X 125 G
[2025-05-19 14:39:38] Attempting to insert product: {'name': 'ARROZ CONDIS EXTRA 1 KG', 'price': 1.33, 'category': 'Arroz, pasta y legumbres', 'store_id': 'condisline', 'quantity': '1,33€/Kilo'}
[2025-05-19 14:39:39] Supabase Response: data=[{'name': 'ARROZ CONDIS EXTRA 1 KG', 'price': 1.33, 'category': 'Arroz, pasta y legumbres', 'store_id': 'condisline', 'quantity': '1,33€/Kilo', 'id': '35de1e6c-0d80-4be4-927a-30c262273c12', 'created_at': '2025-05-19T11:39:40.987752'}] count=None
[2025-05-19 14:39:39] ✅ Successfully inserted: ARROZ CONDIS EXTRA 1 KG
[2025-05-19 14:39:39] Attempting to insert product: {'name': 'ARROZ REDONDO TRADICIONAL BRILLANTE FORMATO XL 2 X 200 G', 'price': 2.39, 'category': 'Arroz, pasta y legumbres', 'store_id': 'condisline', 'quantity': '5,98€/Kilo'}
[2025-05-19 14:39:39] Supabase Response: data=[{'name': 'ARROZ REDONDO TRADICIONAL BRILLANTE FORMATO XL 2 X 200 G', 'price': 2.39, 'category': 'Arroz, pasta y legumbres', 'store_id': 'condisline', 'quantity': '5,98€/Kilo', 'id': 'fe47035b-0e83-4096-a1ae-fd5d809a7a85', 'created_at': '2025-05-19T11:39:41.55804'}] count=None
[2025-05-19 14:39:39] ✅ Successfully inserted: ARROZ REDONDO TRADICIONAL BRILLANTE FORMATO XL 2 X 200 G
[2025-05-19 14:39:39] Attempting to insert product: {'name': 'PASTA CONDIS VEGETAL ESPIRALES 500 G', 'price': 0.99, 'category': 'Arroz, pasta y legumbres', 'store_id': 'condisline', 'quantity': '1,98€/Kilo'}
[2025-05-19 14:39:39] Supabase Response: data=[{'name': 'PASTA CONDIS VEGETAL ESPIRALES 500 G', 'price': 0.99, 'category': 'Arroz, pasta y legumbres', 'store_id': 'condisline', 'quantity': '1,98€/Kilo', 'id': 'd6bde39b-49c9-42a4-b61e-b05d1c913b25', 'created_at': '2025-05-19T11:39:41.807869'}] count=None
[2025-05-19 14:39:39] ✅ Successfully inserted: PASTA CONDIS VEGETAL ESPIRALES 500 G
[2025-05-19 14:39:39] Attempting to insert product: {'name': 'PASTA CONDIS SPAGUETI 500 G', 'price': 0.79, 'category': 'Arroz, pasta y legumbres', 'store_id': 'condisline', 'quantity': '1,58€/Kilo'}
[2025-05-19 14:39:40] Supabase Response: data=[{'name': 'PASTA CONDIS SPAGUETI 500 G', 'price': 0.79, 'category': 'Arroz, pasta y legumbres', 'store_id': 'condisline', 'quantity': '1,58€/Kilo', 'id': 'b1c36673-1a6c-499f-a925-ac2f0c4e5670', 'created_at': '2025-05-19T11:39:42.025434'}] count=None
[2025-05-19 14:39:40] ✅ Successfully inserted: PASTA CONDIS SPAGUETI 500 G
[2025-05-19 14:39:40] Attempting to insert product: {'name': 'PASTA BARILLA PENNE RIGATE 500 G', 'price': 1.69, 'category': 'Arroz, pasta y legumbres', 'store_id': 'condisline', 'quantity': '3,38€/Kilo'}
[2025-05-19 14:39:40] Supabase Response: data=[{'name': 'PASTA BARILLA PENNE RIGATE 500 G', 'price': 1.69, 'category': 'Arroz, pasta y legumbres', 'store_id': 'condisline', 'quantity': '3,38€/Kilo', 'id': 'd2d019ba-c749-4aaf-97fa-909c36b50d1c', 'created_at': '2025-05-19T11:39:42.344777'}] count=None
[2025-05-19 14:39:40] ✅ Successfully inserted: PASTA BARILLA PENNE RIGATE 500 G
[2025-05-19 14:39:40] Attempting to insert product: {'name': 'ARROZ INTEGRAL BRILLANTE VASITOS 2 UNIDADES', 'price': 1.25, 'category': 'Arroz, pasta y legumbres', 'store_id': 'condisline', 'quantity': '5,00€/Kilo'}
[2025-05-19 14:39:40] Supabase Response: data=[{'name': 'ARROZ INTEGRAL BRILLANTE VASITOS 2 UNIDADES', 'price': 1.25, 'category': 'Arroz, pasta y legumbres', 'store_id': 'condisline', 'quantity': '5,00€/Kilo', 'id': '9170304f-2f3f-4546-99f5-acb08b2cc6d5', 'created_at': '2025-05-19T11:39:42.635989'}] count=None
[2025-05-19 14:39:40] ✅ Successfully inserted: ARROZ INTEGRAL BRILLANTE VASITOS 2 UNIDADES
[2025-05-19 14:39:40] Attempting to insert product: {'name': 'ARROZ INTEGRAL BRILLANTE CON QUINOA 2 UNIDADES', 'price': 1.49, 'category': 'Arroz, pasta y legumbres', 'store_id': 'condisline', 'quantity': '5,96€/Kilo'}
[2025-05-19 14:39:41] Supabase Response: data=[{'name': 'ARROZ INTEGRAL BRILLANTE CON QUINOA 2 UNIDADES', 'price': 1.49, 'category': 'Arroz, pasta y legumbres', 'store_id': 'condisline', 'quantity': '5,96€/Kilo', 'id': '517089e6-5adf-4257-bfc7-fe743eef0989', 'created_at': '2025-05-19T11:39:42.850187'}] count=None
[2025-05-19 14:39:41] ✅ Successfully inserted: ARROZ INTEGRAL BRILLANTE CON QUINOA 2 UNIDADES
[2025-05-19 14:39:41] Attempting to insert product: {'name': 'ARROZ MONTSIÀ EXTRA 1 KG', 'price': 1.93, 'category': 'Arroz, pasta y legumbres', 'store_id': 'condisline', 'quantity': '1,93€/Kilo'}
[2025-05-19 14:39:41] Supabase Response: data=[{'name': 'ARROZ MONTSIÀ EXTRA 1 KG', 'price': 1.93, 'category': 'Arroz, pasta y legumbres', 'store_id': 'condisline', 'quantity': '1,93€/Kilo', 'id': '6a2c7804-e2af-4304-86e2-48e4d4dffa4c', 'created_at': '2025-05-19T11:39:43.246534'}] count=None
[2025-05-19 14:39:41] ✅ Successfully inserted: ARROZ MONTSIÀ EXTRA 1 KG
[2025-05-19 14:39:41] Attempting to insert product: {'name': 'PASTA BARILLA SPAGHETTI N.5 500 G', 'price': 1.69, 'category': 'Arroz, pasta y legumbres', 'store_id': 'condisline', 'quantity': '3,38€/Kilo'}
[2025-05-19 14:39:41] Supabase Response: data=[{'name': 'PASTA BARILLA SPAGHETTI N.5 500 G', 'price': 1.69, 'category': 'Arroz, pasta y legumbres', 'store_id': 'condisline', 'quantity': '3,38€/Kilo', 'id': '066c0544-6009-432d-bb8c-57b8df34af89', 'created_at': '2025-05-19T11:39:43.544203'}] count=None
[2025-05-19 14:39:41] ✅ Successfully inserted: PASTA BARILLA SPAGHETTI N.5 500 G
[2025-05-19 14:39:41] Attempting to insert product: {'name': 'PASTA GALLO TALLARINAS 450 G', 'price': 1.39, 'category': 'Arroz, pasta y legumbres', 'store_id': 'condisline', 'quantity': '3,09€/Kilo'}
[2025-05-19 14:39:42] Supabase Response: data=[{'name': 'PASTA GALLO TALLARINAS 450 G', 'price': 1.39, 'category': 'Arroz, pasta y legumbres', 'store_id': 'condisline', 'quantity': '3,09€/Kilo', 'id': '5c126a7a-c6d1-49a1-9721-0c2c34e2bf8e', 'created_at': '2025-05-19T11:39:43.852319'}] count=None
[2025-05-19 14:39:42] ✅ Successfully inserted: PASTA GALLO TALLARINAS 450 G
[2025-05-19 14:39:42] Attempting to insert product: {'name': 'PASTA GALLO HÉLICES VEGETALES 450 G', 'price': 1.79, 'category': 'Arroz, pasta y legumbres', 'store_id': 'condisline', 'quantity': '3,98€/Kilo'}
[2025-05-19 14:39:42] Supabase Response: data=[{'name': 'PASTA GALLO HÉLICES VEGETALES 450 G', 'price': 1.79, 'category': 'Arroz, pasta y legumbres', 'store_id': 'condisline', 'quantity': '3,98€/Kilo', 'id': 'eb1edd4c-3813-49ec-851b-c5388f6fcf86', 'created_at': '2025-05-19T11:39:44.089146'}] count=None
[2025-05-19 14:39:42] ✅ Successfully inserted: PASTA GALLO HÉLICES VEGETALES 450 G
[2025-05-19 14:39:42] Attempting to insert product: {'name': 'ARROZ NOMEN BASMATI 500 G', 'price': 1.88, 'category': 'Arroz, pasta y legumbres', 'store_id': 'condisline', 'quantity': '3,76€/Kilo'}
[2025-05-19 14:39:42] Supabase Response: data=[{'name': 'ARROZ NOMEN BASMATI 500 G', 'price': 1.88, 'category': 'Arroz, pasta y legumbres', 'store_id': 'condisline', 'quantity': '3,76€/Kilo', 'id': '4affc26f-fdcb-4fd9-a336-9e1f6c2742df', 'created_at': '2025-05-19T11:39:44.485022'}] count=None
[2025-05-19 14:39:42] ✅ Successfully inserted: ARROZ NOMEN BASMATI 500 G
[2025-05-19 14:39:42] Attempting to insert product: {'name': 'PASTA GALLO PISTÓN 250 G', 'price': 0.89, 'category': 'Arroz, pasta y legumbres', 'store_id': 'condisline', 'quantity': '3,56€/Kilo'}
[2025-05-19 14:39:42] Supabase Response: data=[{'name': 'PASTA GALLO PISTÓN 250 G', 'price': 0.89, 'category': 'Arroz, pasta y legumbres', 'store_id': 'condisline', 'quantity': '3,56€/Kilo', 'id': '5e39aa10-3857-4d6b-b3c2-a596bb874ff9', 'created_at': '2025-05-19T11:39:44.699978'}] count=None
[2025-05-19 14:39:42] ✅ Successfully inserted: PASTA GALLO PISTÓN 250 G
[2025-05-19 14:39:42] Attempting to insert product: {'name': 'QUINOA BLANCA Y ROJA BRILLANTE 250 G', 'price': 1.56, 'category': 'Arroz, pasta y legumbres', 'store_id': 'condisline', 'quantity': '6,24€/Kilo'}
[2025-05-19 14:39:43] Supabase Response: data=[{'name': 'QUINOA BLANCA Y ROJA BRILLANTE 250 G', 'price': 1.56, 'category': 'Arroz, pasta y legumbres', 'store_id': 'condisline', 'quantity': '6,24€/Kilo', 'id': '0b220705-c249-4a7d-805b-9a78ab9d963f', 'created_at': '2025-05-19T11:39:44.978309'}] count=None
[2025-05-19 14:39:43] ✅ Successfully inserted: QUINOA BLANCA Y ROJA BRILLANTE 250 G
[2025-05-19 14:39:43] Attempting to insert product: {'name': 'PASTA GALLO PLUMA RALLADA 450 G', 'price': 1.39, 'category': 'Arroz, pasta y legumbres', 'store_id': 'condisline', 'quantity': '3,09€/Kilo'}
[2025-05-19 14:39:43] Supabase Response: data=[{'name': 'PASTA GALLO PLUMA RALLADA 450 G', 'price': 1.39, 'category': 'Arroz, pasta y legumbres', 'store_id': 'condisline', 'quantity': '3,09€/Kilo', 'id': '93613410-ea18-4876-bb60-82b3748d6b51', 'created_at': '2025-05-19T11:39:45.284777'}] count=None
[2025-05-19 14:39:43] ✅ Successfully inserted: PASTA GALLO PLUMA RALLADA 450 G
[2025-05-19 14:39:43] Attempting to insert product: {'name': 'PASTA GALLO PLUMAS 3 450 G', 'price': 1.39, 'category': 'Arroz, pasta y legumbres', 'store_id': 'condisline', 'quantity': '3,09€/Kilo'}
[2025-05-19 14:39:43] Supabase Response: data=[{'name': 'PASTA GALLO PLUMAS 3 450 G', 'price': 1.39, 'category': 'Arroz, pasta y legumbres', 'store_id': 'condisline', 'quantity': '3,09€/Kilo', 'id': '7324826a-1e07-4183-9439-322972797a73', 'created_at': '2025-05-19T11:39:45.504117'}] count=None
[2025-05-19 14:39:43] ✅ Successfully inserted: PASTA GALLO PLUMAS 3 450 G
[2025-05-19 14:39:43] Attempting to insert product: {'name': 'PASTA GALLO PLUMA N6 1€ 400 G', 'price': 1.0, 'category': 'Arroz, pasta y legumbres', 'store_id': 'condisline', 'quantity': '2,50€/Kilo'}
[2025-05-19 14:39:44] Supabase Response: data=[{'name': 'PASTA GALLO PLUMA N6 1€ 400 G', 'price': 1.0, 'category': 'Arroz, pasta y legumbres', 'store_id': 'condisline', 'quantity': '2,50€/Kilo', 'id': '0b369735-9208-4786-b19f-3fa060016661', 'created_at': '2025-05-19T11:39:45.718666'}] count=None
[2025-05-19 14:39:44] ✅ Successfully inserted: PASTA GALLO PLUMA N6 1€ 400 G
[2025-05-19 14:39:44] Attempting to insert product: {'name': 'PASTA CONDIS TALLARINES 500 G', 'price': 0.79, 'category': 'Arroz, pasta y legumbres', 'store_id': 'condisline', 'quantity': '1,58€/Kilo'}
[2025-05-19 14:39:44] Supabase Response: data=[{'name': 'PASTA CONDIS TALLARINES 500 G', 'price': 0.79, 'category': 'Arroz, pasta y legumbres', 'store_id': 'condisline', 'quantity': '1,58€/Kilo', 'id': 'a6c8369d-7dbe-45f6-93bb-6f5466ef9ae2', 'created_at': '2025-05-19T11:39:46.128629'}] count=None
[2025-05-19 14:39:44] ✅ Successfully inserted: PASTA CONDIS TALLARINES 500 G
[2025-05-19 14:39:44] Attempting to insert product: {'name': 'ESPAGUETI GALLO PASTA FINA 400 G', 'price': 1.39, 'category': 'Arroz, pasta y legumbres', 'store_id': 'condisline', 'quantity': '3,48€/Kilo'}
[2025-05-19 14:39:44] Supabase Response: data=[{'name': 'ESPAGUETI GALLO PASTA FINA 400 G', 'price': 1.39, 'category': 'Arroz, pasta y legumbres', 'store_id': 'condisline', 'quantity': '3,48€/Kilo', 'id': 'f94a393f-88b0-43e4-a538-3188db62be12', 'created_at': '2025-05-19T11:39:46.412098'}] count=None
[2025-05-19 14:39:44] ✅ Successfully inserted: ESPAGUETI GALLO PASTA FINA 400 G
[2025-05-19 14:39:44] Attempting to insert product: {'name': 'PASTA GALLO MARGARITAS VEGETALES 450 G', 'price': 1.79, 'category': 'Arroz, pasta y legumbres', 'store_id': 'condisline', 'quantity': '3,98€/Kilo'}
[2025-05-19 14:39:45] Supabase Response: data=[{'name': 'PASTA GALLO MARGARITAS VEGETALES 450 G', 'price': 1.79, 'category': 'Arroz, pasta y legumbres', 'store_id': 'condisline', 'quantity': '3,98€/Kilo', 'id': '1e013cda-17da-4767-8aa6-c0f063f0d6f7', 'created_at': '2025-05-19T11:39:46.741666'}] count=None
[2025-05-19 14:39:45] ✅ Successfully inserted: PASTA GALLO MARGARITAS VEGETALES 450 G
[2025-05-19 14:39:45] Attempting to insert product: {'name': 'PLUMAS GALLO PASTA FINA 400 G', 'price': 1.39, 'category': 'Arroz, pasta y legumbres', 'store_id': 'condisline', 'quantity': '3,48€/Kilo'}
[2025-05-19 14:39:45] Supabase Response: data=[{'name': 'PLUMAS GALLO PASTA FINA 400 G', 'price': 1.39, 'category': 'Arroz, pasta y legumbres', 'store_id': 'condisline', 'quantity': '3,48€/Kilo', 'id': '67c5892e-86d1-4306-9947-4cbabda1205f', 'created_at': '2025-05-19T11:39:47.126743'}] count=None
[2025-05-19 14:39:45] ✅ Successfully inserted: PLUMAS GALLO PASTA FINA 400 G
[2025-05-19 14:39:45] Attempting to insert product: {'name': 'PASTA GALLO MARAVILLA 250 G', 'price': 0.89, 'category': 'Arroz, pasta y legumbres', 'store_id': 'condisline', 'quantity': '3,56€/Kilo'}
[2025-05-19 14:39:45] Supabase Response: data=[{'name': 'PASTA GALLO MARAVILLA 250 G', 'price': 0.89, 'category': 'Arroz, pasta y legumbres', 'store_id': 'condisline', 'quantity': '3,56€/Kilo', 'id': '9494b688-d6ce-4246-9f78-6d4fc0d070cd', 'created_at': '2025-05-19T11:39:47.665205'}] count=None
[2025-05-19 14:39:45] ✅ Successfully inserted: PASTA GALLO MARAVILLA 250 G
[2025-05-19 14:39:45] Attempting to insert product: {'name': 'PASTA GALLO FIDEOS N.0  1€ 400 G', 'price': 1.0, 'category': 'Arroz, pasta y legumbres', 'store_id': 'condisline', 'quantity': '2,50€/Kilo'}
[2025-05-19 14:39:46] Supabase Response: data=[{'name': 'PASTA GALLO FIDEOS N.0  1€ 400 G', 'price': 1.0, 'category': 'Arroz, pasta y legumbres', 'store_id': 'condisline', 'quantity': '2,50€/Kilo', 'id': 'a068ed1a-626a-4cf7-be05-c96eb0ed2ff3', 'created_at': '2025-05-19T11:39:47.96921'}] count=None
[2025-05-19 14:39:46] ✅ Successfully inserted: PASTA GALLO FIDEOS N.0  1€ 400 G
[2025-05-19 14:39:46] Attempting to insert product: {'name': 'HÉLICES GALLO PASTA FINA VEGETALES 400 G', 'price': 1.89, 'category': 'Arroz, pasta y legumbres', 'store_id': 'condisline', 'quantity': '4,73€/Kilo'}
[2025-05-19 14:39:46] Supabase Response: data=[{'name': 'HÉLICES GALLO PASTA FINA VEGETALES 400 G', 'price': 1.89, 'category': 'Arroz, pasta y legumbres', 'store_id': 'condisline', 'quantity': '4,73€/Kilo', 'id': 'eaa4cc97-3995-4eec-8f8b-6c4cd674ac2a', 'created_at': '2025-05-19T11:39:48.25702'}] count=None
[2025-05-19 14:39:46] ✅ Successfully inserted: HÉLICES GALLO PASTA FINA VEGETALES 400 G
[2025-05-19 14:39:46] Attempting to insert product: {'name': 'ARROZ NOMEN BOMBA SELECCIÓN 1 KG', 'price': 5.95, 'category': 'Arroz, pasta y legumbres', 'store_id': 'condisline', 'quantity': '5,95€/Kilo'}
[2025-05-19 14:39:46] Supabase Response: data=[{'name': 'ARROZ NOMEN BOMBA SELECCIÓN 1 KG', 'price': 5.95, 'category': 'Arroz, pasta y legumbres', 'store_id': 'condisline', 'quantity': '5,95€/Kilo', 'id': 'b9ee62ef-29ff-4aa1-9606-b16aec18e1fa', 'created_at': '2025-05-19T11:39:48.472508'}] count=None
[2025-05-19 14:39:46] ✅ Successfully inserted: ARROZ NOMEN BOMBA SELECCIÓN 1 KG
[2025-05-19 14:39:46] Attempting to insert product: {'name': 'PASTA GALLO FIDEOS N.2 450 G', 'price': 1.39, 'category': 'Arroz, pasta y legumbres', 'store_id': 'condisline', 'quantity': '3,09€/Kilo'}
[2025-05-19 14:39:47] Supabase Response: data=[{'name': 'PASTA GALLO FIDEOS N.2 450 G', 'price': 1.39, 'category': 'Arroz, pasta y legumbres', 'store_id': 'condisline', 'quantity': '3,09€/Kilo', 'id': '19e7a46e-c59a-45c7-a201-5eea7e0b25ad', 'created_at': '2025-05-19T11:39:48.801575'}] count=None
[2025-05-19 14:39:47] ✅ Successfully inserted: PASTA GALLO FIDEOS N.2 450 G
[2025-05-19 14:39:47] Attempting to insert product: {'name': 'PASTA GALLO TIBURÓN N.0 450 G', 'price': 1.39, 'category': 'Arroz, pasta y legumbres', 'store_id': 'condisline', 'quantity': '3,09€/Kilo'}
[2025-05-19 14:39:47] Supabase Response: data=[{'name': 'PASTA GALLO TIBURÓN N.0 450 G', 'price': 1.39, 'category': 'Arroz, pasta y legumbres', 'store_id': 'condisline', 'quantity': '3,09€/Kilo', 'id': '0ab4463a-dba6-4fa1-b637-367ad4f3c077', 'created_at': '2025-05-19T11:39:49.174176'}] count=None
[2025-05-19 14:39:47] ✅ Successfully inserted: PASTA GALLO TIBURÓN N.0 450 G
[2025-05-19 14:39:47] Attempting to insert product: {'name': 'PASTA GALLO PLUMAS INTEGRAL 450 G', 'price': 1.89, 'category': 'Arroz, pasta y legumbres', 'store_id': 'condisline', 'quantity': '4,20€/Kilo'}
[2025-05-19 14:39:47] Supabase Response: data=[{'name': 'PASTA GALLO PLUMAS INTEGRAL 450 G', 'price': 1.89, 'category': 'Arroz, pasta y legumbres', 'store_id': 'condisline', 'quantity': '4,20€/Kilo', 'id': '5450fc30-27e0-4832-8802-d38345f64602', 'created_at': '2025-05-19T11:39:49.49323'}] count=None
[2025-05-19 14:39:47] ✅ Successfully inserted: PASTA GALLO PLUMAS INTEGRAL 450 G
[2025-05-19 14:39:47] Attempting to insert product: {'name': 'ARROZ BRILLANTE INTEGRAL CHÍA 2 UNIDADES', 'price': 1.49, 'category': 'Arroz, pasta y legumbres', 'store_id': 'condisline', 'quantity': '5,96€/Kilo'}
[2025-05-19 14:39:47] Supabase Response: data=[{'name': 'ARROZ BRILLANTE INTEGRAL CHÍA 2 UNIDADES', 'price': 1.49, 'category': 'Arroz, pasta y legumbres', 'store_id': 'condisline', 'quantity': '5,96€/Kilo', 'id': 'b8a74baa-a6c0-462d-a1b6-934398552d17', 'created_at': '2025-05-19T11:39:49.709037'}] count=None
[2025-05-19 14:39:47] ✅ Successfully inserted: ARROZ BRILLANTE INTEGRAL CHÍA 2 UNIDADES
[2025-05-19 14:39:47] Attempting to insert product: {'name': 'PASTA CONDIS FIDEO CABELLO DE ANGEL N.0 500 G', 'price': 0.79, 'category': 'Arroz, pasta y legumbres', 'store_id': 'condisline', 'quantity': '1,58€/Kilo'}
[2025-05-19 14:39:48] Supabase Response: data=[{'name': 'PASTA CONDIS FIDEO CABELLO DE ANGEL N.0 500 G', 'price': 0.79, 'category': 'Arroz, pasta y legumbres', 'store_id': 'condisline', 'quantity': '1,58€/Kilo', 'id': 'f43f30da-313b-4f28-bc7a-491de10ef846', 'created_at': '2025-05-19T11:39:49.993131'}] count=None
[2025-05-19 14:39:48] ✅ Successfully inserted: PASTA CONDIS FIDEO CABELLO DE ANGEL N.0 500 G
[2025-05-19 14:39:48] Attempting to insert product: {'name': 'ARROZ NOMEN INTEGRAL 1 KG', 'price': 1.97, 'category': 'Arroz, pasta y legumbres', 'store_id': 'condisline', 'quantity': '1,97€/Kilo'}
[2025-05-19 14:39:48] Supabase Response: data=[{'name': 'ARROZ NOMEN INTEGRAL 1 KG', 'price': 1.97, 'category': 'Arroz, pasta y legumbres', 'store_id': 'condisline', 'quantity': '1,97€/Kilo', 'id': '83fab47d-1152-423a-a6a1-a084cc68cbfb', 'created_at': '2025-05-19T11:39:50.205227'}] count=None
[2025-05-19 14:39:48] ✅ Successfully inserted: ARROZ NOMEN INTEGRAL 1 KG
[2025-05-19 14:39:48] Attempting to insert product: {'name': 'PASTA GALLO SPAGUETI INTEGRAL 450 G', 'price': 1.89, 'category': 'Arroz, pasta y legumbres', 'store_id': 'condisline', 'quantity': '4,20€/Kilo'}
[2025-05-19 14:39:48] Supabase Response: data=[{'name': 'PASTA GALLO SPAGUETI INTEGRAL 450 G', 'price': 1.89, 'category': 'Arroz, pasta y legumbres', 'store_id': 'condisline', 'quantity': '4,20€/Kilo', 'id': '7efcf635-d0bb-421c-bc54-b0e28ec0d47e', 'created_at': '2025-05-19T11:39:50.502645'}] count=None
[2025-05-19 14:39:48] ✅ Successfully inserted: PASTA GALLO SPAGUETI INTEGRAL 450 G
[2025-05-19 14:39:48] Attempting to insert product: {'name': 'PASTA GALLO FIDEOS N.4 450 G', 'price': 1.39, 'category': 'Arroz, pasta y legumbres', 'store_id': 'condisline', 'quantity': '3,09€/Kilo'}
[2025-05-19 14:39:48] Supabase Response: data=[{'name': 'PASTA GALLO FIDEOS N.4 450 G', 'price': 1.39, 'category': 'Arroz, pasta y legumbres', 'store_id': 'condisline', 'quantity': '3,09€/Kilo', 'id': '89e80545-9077-4b6d-9a0e-c084225d24fe', 'created_at': '2025-05-19T11:39:50.710781'}] count=None
[2025-05-19 14:39:48] ✅ Successfully inserted: PASTA GALLO FIDEOS N.4 450 G
[2025-05-19 14:39:48] Attempting to insert product: {'name': 'PASTA GALLO PIÑONES 250 G', 'price': 0.89, 'category': 'Arroz, pasta y legumbres', 'store_id': 'condisline', 'quantity': '3,56€/Kilo'}
[2025-05-19 14:39:49] Supabase Response: data=[{'name': 'PASTA GALLO PIÑONES 250 G', 'price': 0.89, 'category': 'Arroz, pasta y legumbres', 'store_id': 'condisline', 'quantity': '3,56€/Kilo', 'id': 'a1ed2b3b-6f4a-42e0-a6ec-54f710153d57', 'created_at': '2025-05-19T11:39:51.024537'}] count=None
[2025-05-19 14:39:49] ✅ Successfully inserted: PASTA GALLO PIÑONES 250 G
[2025-05-19 14:39:49] Attempting to insert product: {'name': 'LENTEJAS LUENGO RÁPIDAS 500 G', 'price': 2.03, 'category': 'Arroz, pasta y legumbres', 'store_id': 'condisline', 'quantity': '4,06€/Kilo'}
[2025-05-19 14:39:49] Supabase Response: data=[{'name': 'LENTEJAS LUENGO RÁPIDAS 500 G', 'price': 2.03, 'category': 'Arroz, pasta y legumbres', 'store_id': 'condisline', 'quantity': '4,06€/Kilo', 'id': 'bde43659-13b1-412f-9212-2692640db876', 'created_at': '2025-05-19T11:39:51.354803'}] count=None
[2025-05-19 14:39:49] ✅ Successfully inserted: LENTEJAS LUENGO RÁPIDAS 500 G
[2025-05-19 14:39:49] Attempting to insert product: {'name': 'VASITOS NOMEN BASMATI 2X 200 G', 'price': 2.6, 'category': 'Arroz, pasta y legumbres', 'store_id': 'condisline', 'quantity': '6,50€/Kilo'}
[2025-05-19 14:39:50] Supabase Response: data=[{'name': 'VASITOS NOMEN BASMATI 2X 200 G', 'price': 2.6, 'category': 'Arroz, pasta y legumbres', 'store_id': 'condisline', 'quantity': '6,50€/Kilo', 'id': 'cc2e1621-8946-4f29-91b5-9843132c294d', 'created_at': '2025-05-19T11:39:51.740866'}] count=None
[2025-05-19 14:39:50] ✅ Successfully inserted: VASITOS NOMEN BASMATI 2X 200 G
[2025-05-19 14:39:50] Attempting to insert product: {'name': 'PASTA GALLO ESTRELLAS 250 G', 'price': 0.89, 'category': 'Arroz, pasta y legumbres', 'store_id': 'condisline', 'quantity': '3,56€/Kilo'}
[2025-05-19 14:39:50] Supabase Response: data=[{'name': 'PASTA GALLO ESTRELLAS 250 G', 'price': 0.89, 'category': 'Arroz, pasta y legumbres', 'store_id': 'condisline', 'quantity': '3,56€/Kilo', 'id': '16815083-eca3-4bfd-aac3-b4c7258ab018', 'created_at': '2025-05-19T11:39:52.053581'}] count=None
[2025-05-19 14:39:50] ✅ Successfully inserted: PASTA GALLO ESTRELLAS 250 G
[2025-05-19 14:39:50] Attempting to insert product: {'name': 'PASTA CONDIS VEGETAL FARFALLE 500 G', 'price': 1.1, 'category': 'Arroz, pasta y legumbres', 'store_id': 'condisline', 'quantity': '2,20€/Kilo'}
[2025-05-19 14:39:50] Supabase Response: data=[{'name': 'PASTA CONDIS VEGETAL FARFALLE 500 G', 'price': 1.1, 'category': 'Arroz, pasta y legumbres', 'store_id': 'condisline', 'quantity': '2,20€/Kilo', 'id': '0cdf9f80-75d6-46c9-abfd-8940123e85f1', 'created_at': '2025-05-19T11:39:52.341477'}] count=None
[2025-05-19 14:39:50] ✅ Successfully inserted: PASTA CONDIS VEGETAL FARFALLE 500 G
[2025-05-19 14:39:50] Attempting to insert product: {'name': 'ARROZ CONDIS BOMBA 1 KG', 'price': 5.19, 'category': 'Arroz, pasta y legumbres', 'store_id': 'condisline', 'quantity': '5,19€/Kilo'}
[2025-05-19 14:39:50] Supabase Response: data=[{'name': 'ARROZ CONDIS BOMBA 1 KG', 'price': 5.19, 'category': 'Arroz, pasta y legumbres', 'store_id': 'condisline', 'quantity': '5,19€/Kilo', 'id': '066fd83a-4d29-4cb4-9530-6eb04401017a', 'created_at': '2025-05-19T11:39:52.555813'}] count=None
[2025-05-19 14:39:50] ✅ Successfully inserted: ARROZ CONDIS BOMBA 1 KG
[2025-05-19 14:39:50] Attempting to insert product: {'name': 'ARROZ CONDIS LARGO 1 KG', 'price': 1.41, 'category': 'Arroz, pasta y legumbres', 'store_id': 'condisline', 'quantity': '1,41€/Kilo'}
[2025-05-19 14:39:51] Supabase Response: data=[{'name': 'ARROZ CONDIS LARGO 1 KG', 'price': 1.41, 'category': 'Arroz, pasta y legumbres', 'store_id': 'condisline', 'quantity': '1,41€/Kilo', 'id': 'bed9c7f7-9c75-4c17-ac66-16f761342c11', 'created_at': '2025-05-19T11:39:52.865558'}] count=None
[2025-05-19 14:39:51] ✅ Successfully inserted: ARROZ CONDIS LARGO 1 KG
[2025-05-19 14:39:51] Attempting to insert product: {'name': 'MACARRONES GALLO ARROZ SIN GLUTEN 450 G', 'price': 2.49, 'category': 'Arroz, pasta y legumbres', 'store_id': 'condisline', 'quantity': '5,53€/Kilo'}
[2025-05-19 14:39:51] Supabase Response: data=[{'name': 'MACARRONES GALLO ARROZ SIN GLUTEN 450 G', 'price': 2.49, 'category': 'Arroz, pasta y legumbres', 'store_id': 'condisline', 'quantity': '5,53€/Kilo', 'id': '72cf5a48-6786-45a9-806e-4cfc6903a28e', 'created_at': '2025-05-19T11:39:53.079008'}] count=None
[2025-05-19 14:39:51] ✅ Successfully inserted: MACARRONES GALLO ARROZ SIN GLUTEN 450 G
[2025-05-19 14:39:51] Attempting to insert product: {'name': 'COUS COUS GALLO  500 G', 'price': 2.0, 'category': 'Arroz, pasta y legumbres', 'store_id': 'condisline', 'quantity': '4,00€/Kilo'}
[2025-05-19 14:39:51] Supabase Response: data=[{'name': 'COUS COUS GALLO  500 G', 'price': 2.0, 'category': 'Arroz, pasta y legumbres', 'store_id': 'condisline', 'quantity': '4,00€/Kilo', 'id': '8239b7eb-c91b-4f26-8a04-a20cb06e67fc', 'created_at': '2025-05-19T11:39:53.378771'}] count=None
[2025-05-19 14:39:51] ✅ Successfully inserted: COUS COUS GALLO  500 G
[2025-05-19 14:39:51] Attempting to insert product: {'name': 'ARROZ CONDIS BASMATI 1 KG', 'price': 2.35, 'category': 'Arroz, pasta y legumbres', 'store_id': 'condisline', 'quantity': '2,35€/Kilo'}
[2025-05-19 14:39:52] Supabase Response: data=[{'name': 'ARROZ CONDIS BASMATI 1 KG', 'price': 2.35, 'category': 'Arroz, pasta y legumbres', 'store_id': 'condisline', 'quantity': '2,35€/Kilo', 'id': 'aca2e049-0651-40f6-b5b6-61ffcc251357', 'created_at': '2025-05-19T11:39:53.608306'}] count=None
[2025-05-19 14:39:52] ✅ Successfully inserted: ARROZ CONDIS BASMATI 1 KG
[2025-05-19 14:39:52] Attempting to insert product: {'name': 'PASTA CONDIS TIBURÓN 500 G', 'price': 0.79, 'category': 'Arroz, pasta y legumbres', 'store_id': 'condisline', 'quantity': '1,58€/Kilo'}
[2025-05-19 14:39:52] Supabase Response: data=[{'name': 'PASTA CONDIS TIBURÓN 500 G', 'price': 0.79, 'category': 'Arroz, pasta y legumbres', 'store_id': 'condisline', 'quantity': '1,58€/Kilo', 'id': '7fa8c056-c7e4-4be8-b8c2-bd1c9dfa8d6f', 'created_at': '2025-05-19T11:39:54.296701'}] count=None
[2025-05-19 14:39:52] ✅ Successfully inserted: PASTA CONDIS TIBURÓN 500 G
[2025-05-19 14:39:52] Attempting to insert product: {'name': 'PASTA GALLO MARISCO 250 G', 'price': 0.89, 'category': 'Arroz, pasta y legumbres', 'store_id': 'condisline', 'quantity': '3,56€/Kilo'}
[2025-05-19 14:39:52] Supabase Response: data=[{'name': 'PASTA GALLO MARISCO 250 G', 'price': 0.89, 'category': 'Arroz, pasta y legumbres', 'store_id': 'condisline', 'quantity': '3,56€/Kilo', 'id': '69b6795a-89a8-45ff-af0f-f6263a5fda50', 'created_at': '2025-05-19T11:39:54.598337'}] count=None
[2025-05-19 14:39:52] ✅ Successfully inserted: PASTA GALLO MARISCO 250 G
[2025-05-19 14:39:52] Attempting to insert product: {'name': 'COUS COUS BRILLANTE 250 G', 'price': 1.59, 'category': 'Arroz, pasta y legumbres', 'store_id': 'condisline', 'quantity': '6,36€/Kilo'}
[2025-05-19 14:39:53] Supabase Response: data=[{'name': 'COUS COUS BRILLANTE 250 G', 'price': 1.59, 'category': 'Arroz, pasta y legumbres', 'store_id': 'condisline', 'quantity': '6,36€/Kilo', 'id': '61dd5d15-b3d7-41b2-82e7-651a4f05bc12', 'created_at': '2025-05-19T11:39:54.823917'}] count=None
[2025-05-19 14:39:53] ✅ Successfully inserted: COUS COUS BRILLANTE 250 G
[2025-05-19 14:39:53] Attempting to insert product: {'name': 'PASTA GALLO HUEVO NIDO 250 G', 'price': 1.15, 'category': 'Arroz, pasta y legumbres', 'store_id': 'condisline', 'quantity': '4,60€/Kilo'}
[2025-05-19 14:39:53] Supabase Response: data=[{'name': 'PASTA GALLO HUEVO NIDO 250 G', 'price': 1.15, 'category': 'Arroz, pasta y legumbres', 'store_id': 'condisline', 'quantity': '4,60€/Kilo', 'id': '5b0227e9-f140-4ce8-83f5-edfde53fdb57', 'created_at': '2025-05-19T11:39:55.120025'}] count=None
[2025-05-19 14:39:53] ✅ Successfully inserted: PASTA GALLO HUEVO NIDO 250 G
[2025-05-19 14:39:53] Attempting to insert product: {'name': 'PASTA GALLO ESPAGUETI N.3 1€ 400 G', 'price': 1.0, 'category': 'Arroz, pasta y legumbres', 'store_id': 'condisline', 'quantity': '2,50€/Kilo'}
[2025-05-19 14:39:53] Supabase Response: data=[{'name': 'PASTA GALLO ESPAGUETI N.3 1€ 400 G', 'price': 1.0, 'category': 'Arroz, pasta y legumbres', 'store_id': 'condisline', 'quantity': '2,50€/Kilo', 'id': '1eeb8824-c978-4ecf-8ae0-1f0a00ac14f0', 'created_at': '2025-05-19T11:39:55.444719'}] count=None
[2025-05-19 14:39:53] ✅ Successfully inserted: PASTA GALLO ESPAGUETI N.3 1€ 400 G
[2025-05-19 14:39:53] Attempting to insert product: {'name': 'PASTA GALLO ÑOQUI BOLITAS DE PATATA 400 G', 'price': 1.59, 'category': 'Arroz, pasta y legumbres', 'store_id': 'condisline', 'quantity': '3,98€/Kilo'}
[2025-05-19 14:39:54] Supabase Response: data=[{'name': 'PASTA GALLO ÑOQUI BOLITAS DE PATATA 400 G', 'price': 1.59, 'category': 'Arroz, pasta y legumbres', 'store_id': 'condisline', 'quantity': '3,98€/Kilo', 'id': '2296961e-d581-4d37-b863-383d8b71f006', 'created_at': '2025-05-19T11:39:55.8525'}] count=None
[2025-05-19 14:39:54] ✅ Successfully inserted: PASTA GALLO ÑOQUI BOLITAS DE PATATA 400 G
[2025-05-19 14:39:54] Attempting to insert product: {'name': 'PASTA GALLO PAJARITAS VEGETALES 450 G', 'price': 1.79, 'category': 'Arroz, pasta y legumbres', 'store_id': 'condisline', 'quantity': '3,98€/Kilo'}
[2025-05-19 14:39:54] Supabase Response: data=[{'name': 'PASTA GALLO PAJARITAS VEGETALES 450 G', 'price': 1.79, 'category': 'Arroz, pasta y legumbres', 'store_id': 'condisline', 'quantity': '3,98€/Kilo', 'id': '3d8a7818-d1fc-4634-8381-66766edd412b', 'created_at': '2025-05-19T11:39:56.135918'}] count=None
[2025-05-19 14:39:54] ✅ Successfully inserted: PASTA GALLO PAJARITAS VEGETALES 450 G
[2025-05-19 14:39:54] Attempting to insert product: {'name': 'PASTA GALLO TIBURÓN GALET 250 G', 'price': 0.89, 'category': 'Arroz, pasta y legumbres', 'store_id': 'condisline', 'quantity': '3,56€/Kilo'}
[2025-05-19 14:39:54] Supabase Response: data=[{'name': 'PASTA GALLO TIBURÓN GALET 250 G', 'price': 0.89, 'category': 'Arroz, pasta y legumbres', 'store_id': 'condisline', 'quantity': '3,56€/Kilo', 'id': '1b599d35-154d-4a7a-80d3-d3797317a867', 'created_at': '2025-05-19T11:39:56.361207'}] count=None
[2025-05-19 14:39:54] ✅ Successfully inserted: PASTA GALLO TIBURÓN GALET 250 G
[2025-05-19 14:39:54] Attempting to insert product: {'name': 'ARROZ NOMEN LARGO 1 KG', 'price': 1.55, 'category': 'Arroz, pasta y legumbres', 'store_id': 'condisline', 'quantity': '1,55€/Kilo'}
[2025-05-19 14:39:54] Supabase Response: data=[{'name': 'ARROZ NOMEN LARGO 1 KG', 'price': 1.55, 'category': 'Arroz, pasta y legumbres', 'store_id': 'condisline', 'quantity': '1,55€/Kilo', 'id': '38711bf6-2c9b-4806-88c1-c895559fa4c5', 'created_at': '2025-05-19T11:39:56.604018'}] count=None
[2025-05-19 14:39:54] ✅ Successfully inserted: ARROZ NOMEN LARGO 1 KG
[2025-05-19 14:39:54] Attempting to insert product: {'name': 'PASTA GALLO LETRAS 250 G', 'price': 0.89, 'category': 'Arroz, pasta y legumbres', 'store_id': 'condisline', 'quantity': '3,56€/Kilo'}
[2025-05-19 14:39:55] Supabase Response: data=[{'name': 'PASTA GALLO LETRAS 250 G', 'price': 0.89, 'category': 'Arroz, pasta y legumbres', 'store_id': 'condisline', 'quantity': '3,56€/Kilo', 'id': '241b391a-7a72-4fd8-a478-4673344ab89a', 'created_at': '2025-05-19T11:39:56.852143'}] count=None
[2025-05-19 14:39:55] ✅ Successfully inserted: PASTA GALLO LETRAS 250 G
[2025-05-19 14:39:55] Attempting to insert product: {'name': 'PASTA CONDIS FIDEO CAZUELA N 4 500 G', 'price': 0.79, 'category': 'Arroz, pasta y legumbres', 'store_id': 'condisline', 'quantity': '1,58€/Kilo'}
[2025-05-19 14:39:55] Supabase Response: data=[{'name': 'PASTA CONDIS FIDEO CAZUELA N 4 500 G', 'price': 0.79, 'category': 'Arroz, pasta y legumbres', 'store_id': 'condisline', 'quantity': '1,58€/Kilo', 'id': '36736765-b5d0-45cd-8f82-96ca7095861d', 'created_at': '2025-05-19T11:39:57.113192'}] count=None
[2025-05-19 14:39:55] ✅ Successfully inserted: PASTA CONDIS FIDEO CAZUELA N 4 500 G
[2025-05-19 14:39:55] Attempting to insert product: {'name': 'TORTELLINI GALLO CARNE 500 G', 'price': 3.65, 'category': 'Arroz, pasta y legumbres', 'store_id': 'condisline', 'quantity': '7,30€/Kilo'}
[2025-05-19 14:39:55] Supabase Response: data=[{'name': 'TORTELLINI GALLO CARNE 500 G', 'price': 3.65, 'category': 'Arroz, pasta y legumbres', 'store_id': 'condisline', 'quantity': '7,30€/Kilo', 'id': '4a7e7bb0-6e62-435d-8dc9-c4c93ddd9af4', 'created_at': '2025-05-19T11:39:57.368549'}] count=None
[2025-05-19 14:39:55] ✅ Successfully inserted: TORTELLINI GALLO CARNE 500 G
[2025-05-19 14:39:55] Attempting to insert product: {'name': 'RIGATONI LA MOLISANA  500 G', 'price': 1.79, 'category': 'Arroz, pasta y legumbres', 'store_id': 'condisline', 'quantity': '3,58€/Kilo'}
[2025-05-19 14:39:55] Supabase Response: data=[{'name': 'RIGATONI LA MOLISANA  500 G', 'price': 1.79, 'category': 'Arroz, pasta y legumbres', 'store_id': 'condisline', 'quantity': '3,58€/Kilo', 'id': '3afe9f10-4dd0-4b17-9029-ad423eefa665', 'created_at': '2025-05-19T11:39:57.673712'}] count=None
[2025-05-19 14:39:55] ✅ Successfully inserted: RIGATONI LA MOLISANA  500 G
[2025-05-19 14:39:55] Attempting to insert product: {'name': 'VASITOS NOMEN INTEGRAL 2X 200 G', 'price': 2.65, 'category': 'Arroz, pasta y legumbres', 'store_id': 'condisline', 'quantity': '6,63€/Kilo'}
[2025-05-19 14:39:56] Supabase Response: data=[{'name': 'VASITOS NOMEN INTEGRAL 2X 200 G', 'price': 2.65, 'category': 'Arroz, pasta y legumbres', 'store_id': 'condisline', 'quantity': '6,63€/Kilo', 'id': 'f24c9e2c-b7d8-44de-989a-e89cdbae9c17', 'created_at': '2025-05-19T11:39:57.985217'}] count=None
[2025-05-19 14:39:56] ✅ Successfully inserted: VASITOS NOMEN INTEGRAL 2X 200 G
[2025-05-19 14:39:56] Attempting to insert product: {'name': 'ARROZ BRILLANTE SABROZ 1 KG', 'price': 2.79, 'category': 'Arroz, pasta y legumbres', 'store_id': 'condisline', 'quantity': '2,79€/Kilo'}
[2025-05-19 14:39:56] Supabase Response: data=[{'name': 'ARROZ BRILLANTE SABROZ 1 KG', 'price': 2.79, 'category': 'Arroz, pasta y legumbres', 'store_id': 'condisline', 'quantity': '2,79€/Kilo', 'id': '032cf755-7f50-4a23-bc87-7e6c6d939d3c', 'created_at': '2025-05-19T11:39:58.20666'}] count=None
[2025-05-19 14:39:56] ✅ Successfully inserted: ARROZ BRILLANTE SABROZ 1 KG
[2025-05-19 14:39:56] Attempting to insert product: {'name': 'SPAGHETTI GALLO PASTA FINA TOMATE Y ESPINACAS 400GR', 'price': 1.89, 'category': 'Arroz, pasta y legumbres', 'store_id': 'condisline', 'quantity': '4,73€/Kilo'}
[2025-05-19 14:39:56] Supabase Response: data=[{'name': 'SPAGHETTI GALLO PASTA FINA TOMATE Y ESPINACAS 400GR', 'price': 1.89, 'category': 'Arroz, pasta y legumbres', 'store_id': 'condisline', 'quantity': '4,73€/Kilo', 'id': '092e8b18-b2e2-4cd5-8aff-fae16fdef182', 'created_at': '2025-05-19T11:39:58.602067'}] count=None
[2025-05-19 14:39:56] ✅ Successfully inserted: SPAGHETTI GALLO PASTA FINA TOMATE Y ESPINACAS 400GR
[2025-05-19 14:39:56] Attempting to insert product: {'name': 'SPAGHETTINI GALLO AL HUEVO 450 G', 'price': 1.75, 'category': 'Arroz, pasta y legumbres', 'store_id': 'condisline', 'quantity': '3,89€/Kilo'}
[2025-05-19 14:39:57] Supabase Response: data=[{'name': 'SPAGHETTINI GALLO AL HUEVO 450 G', 'price': 1.75, 'category': 'Arroz, pasta y legumbres', 'store_id': 'condisline', 'quantity': '3,89€/Kilo', 'id': '570de939-266a-48f4-8700-e0e43a7da4e2', 'created_at': '2025-05-19T11:39:58.908418'}] count=None
[2025-05-19 14:39:57] ✅ Successfully inserted: SPAGHETTINI GALLO AL HUEVO 450 G
[2025-05-19 14:39:57] Attempting to insert product: {'name': 'ARROZ LARGO BRILLANTE FORMATO XL 2 X 200 G', 'price': 2.15, 'category': 'Arroz, pasta y legumbres', 'store_id': 'condisline', 'quantity': '5,38€/Kilo'}
[2025-05-19 14:39:57] Supabase Response: data=[{'name': 'ARROZ LARGO BRILLANTE FORMATO XL 2 X 200 G', 'price': 2.15, 'category': 'Arroz, pasta y legumbres', 'store_id': 'condisline', 'quantity': '5,38€/Kilo', 'id': 'b38646f5-d497-462d-b805-8c262485c8c8', 'created_at': '2025-05-19T11:39:59.347397'}] count=None
[2025-05-19 14:39:57] ✅ Successfully inserted: ARROZ LARGO BRILLANTE FORMATO XL 2 X 200 G
[2025-05-19 14:39:57] Attempting to insert product: {'name': 'HÉLICES GALLO VEGETALES SIN GLUTEN 450 G', 'price': 2.49, 'category': 'Arroz, pasta y legumbres', 'store_id': 'condisline', 'quantity': '5,53€/Kilo'}
[2025-05-19 14:39:57] Supabase Response: data=[{'name': 'HÉLICES GALLO VEGETALES SIN GLUTEN 450 G', 'price': 2.49, 'category': 'Arroz, pasta y legumbres', 'store_id': 'condisline', 'quantity': '5,53€/Kilo', 'id': '16334eb3-d56a-4018-bc32-c6d966e02232', 'created_at': '2025-05-19T11:39:59.619387'}] count=None
[2025-05-19 14:39:57] ✅ Successfully inserted: HÉLICES GALLO VEGETALES SIN GLUTEN 450 G
[2025-05-19 14:39:57] Attempting to insert product: {'name': 'PASTA GALLO HUEVO MACHERONI 450 G', 'price': 1.75, 'category': 'Arroz, pasta y legumbres', 'store_id': 'condisline', 'quantity': '3,89€/Kilo'}
[2025-05-19 14:39:58] Supabase Response: data=[{'name': 'PASTA GALLO HUEVO MACHERONI 450 G', 'price': 1.75, 'category': 'Arroz, pasta y legumbres', 'store_id': 'condisline', 'quantity': '3,89€/Kilo', 'id': '0f0627a0-88e2-4e41-af83-0206f3a64ac4', 'created_at': '2025-05-19T11:39:59.929875'}] count=None
[2025-05-19 14:39:58] ✅ Successfully inserted: PASTA GALLO HUEVO MACHERONI 450 G
[2025-05-19 14:39:58] Attempting to insert product: {'name': 'PASTA GALLO FIDEOS PERLA 250 G', 'price': 0.89, 'category': 'Arroz, pasta y legumbres', 'store_id': 'condisline', 'quantity': '3,56€/Kilo'}
[2025-05-19 14:39:58] Supabase Response: data=[{'name': 'PASTA GALLO FIDEOS PERLA 250 G', 'price': 0.89, 'category': 'Arroz, pasta y legumbres', 'store_id': 'condisline', 'quantity': '3,56€/Kilo', 'id': '5abce673-2439-48bc-aaad-599110d88ccb', 'created_at': '2025-05-19T11:40:00.149037'}] count=None
[2025-05-19 14:39:58] ✅ Successfully inserted: PASTA GALLO FIDEOS PERLA 250 G
[2025-05-19 14:39:58] Attempting to insert product: {'name': 'SPAGHETTI GALLO SIN GLUTEN 450 G', 'price': 2.49, 'category': 'Arroz, pasta y legumbres', 'store_id': 'condisline', 'quantity': '5,53€/Kilo'}
[2025-05-19 14:39:58] Supabase Response: data=[{'name': 'SPAGHETTI GALLO SIN GLUTEN 450 G', 'price': 2.49, 'category': 'Arroz, pasta y legumbres', 'store_id': 'condisline', 'quantity': '5,53€/Kilo', 'id': '8218734b-46ee-470f-9b0e-57193e1ed718', 'created_at': '2025-05-19T11:40:00.454329'}] count=None
[2025-05-19 14:39:58] ✅ Successfully inserted: SPAGHETTI GALLO SIN GLUTEN 450 G
[2025-05-19 14:39:58] Attempting to insert product: {'name': 'PASTA CONDIS VEGETAL MACARRONE 500 G', 'price': 0.99, 'category': 'Arroz, pasta y legumbres', 'store_id': 'condisline', 'quantity': '1,98€/Kilo'}
[2025-05-19 14:39:58] Supabase Response: data=[{'name': 'PASTA CONDIS VEGETAL MACARRONE 500 G', 'price': 0.99, 'category': 'Arroz, pasta y legumbres', 'store_id': 'condisline', 'quantity': '1,98€/Kilo', 'id': 'b6e62c66-35ef-46e2-bc1a-44c8212d3761', 'created_at': '2025-05-19T11:40:00.668694'}] count=None
[2025-05-19 14:39:58] ✅ Successfully inserted: PASTA CONDIS VEGETAL MACARRONE 500 G
[2025-05-19 14:39:58] Attempting to insert product: {'name': 'PASTA GALLO MINI MACARRONES 450 G', 'price': 1.5, 'category': 'Arroz, pasta y legumbres', 'store_id': 'condisline', 'quantity': '3,33€/Kilo'}
[2025-05-19 14:39:59] Supabase Response: data=[{'name': 'PASTA GALLO MINI MACARRONES 450 G', 'price': 1.5, 'category': 'Arroz, pasta y legumbres', 'store_id': 'condisline', 'quantity': '3,33€/Kilo', 'id': 'd8050475-2873-4800-852f-37622fa15f59', 'created_at': '2025-05-19T11:40:00.957365'}] count=None
[2025-05-19 14:39:59] ✅ Successfully inserted: PASTA GALLO MINI MACARRONES 450 G
[2025-05-19 14:39:59] Attempting to insert product: {'name': 'PASTA CONDIS MARAVILLA 500 G', 'price': 0.79, 'category': 'Arroz, pasta y legumbres', 'store_id': 'condisline', 'quantity': '1,58€/Kilo'}
[2025-05-19 14:39:59] Supabase Response: data=[{'name': 'PASTA CONDIS MARAVILLA 500 G', 'price': 0.79, 'category': 'Arroz, pasta y legumbres', 'store_id': 'condisline', 'quantity': '1,58€/Kilo', 'id': 'e4a5782a-69cf-464e-b594-27af30c1167b', 'created_at': '2025-05-19T11:40:01.285017'}] count=None
[2025-05-19 14:39:59] ✅ Successfully inserted: PASTA CONDIS MARAVILLA 500 G
[2025-05-19 14:39:59] Attempting to insert product: {'name': 'PASTA GALLO TAGLIATA HUEVO 450 G', 'price': 1.75, 'category': 'Arroz, pasta y legumbres', 'store_id': 'condisline', 'quantity': '3,89€/Kilo'}
[2025-05-19 14:39:59] Supabase Response: data=[{'name': 'PASTA GALLO TAGLIATA HUEVO 450 G', 'price': 1.75, 'category': 'Arroz, pasta y legumbres', 'store_id': 'condisline', 'quantity': '3,89€/Kilo', 'id': '08877547-7f50-477a-9583-c276a33a7bce', 'created_at': '2025-05-19T11:40:01.575059'}] count=None
[2025-05-19 14:39:59] ✅ Successfully inserted: PASTA GALLO TAGLIATA HUEVO 450 G
[2025-05-19 14:39:59] Attempting to insert product: {'name': 'ARROZ SOS CALDOSOS 500 G', 'price': 1.51, 'category': 'Arroz, pasta y legumbres', 'store_id': 'condisline', 'quantity': '3,02€/Kilo'}
[2025-05-19 14:40:00] Supabase Response: data=[{'name': 'ARROZ SOS CALDOSOS 500 G', 'price': 1.51, 'category': 'Arroz, pasta y legumbres', 'store_id': 'condisline', 'quantity': '3,02€/Kilo', 'id': '2dded470-bde8-48f9-aafc-816e34ac005f', 'created_at': '2025-05-19T11:40:01.811857'}] count=None
[2025-05-19 14:40:00] ✅ Successfully inserted: ARROZ SOS CALDOSOS 500 G
[2025-05-19 14:40:00] Attempting to insert product: {'name': 'PASTA CONDIS FIDEO PERLA 500 G', 'price': 0.79, 'category': 'Arroz, pasta y legumbres', 'store_id': 'condisline', 'quantity': '1,58€/Kilo'}
[2025-05-19 14:40:00] Supabase Response: data=[{'name': 'PASTA CONDIS FIDEO PERLA 500 G', 'price': 0.79, 'category': 'Arroz, pasta y legumbres', 'store_id': 'condisline', 'quantity': '1,58€/Kilo', 'id': 'b111805e-84c0-470b-b12f-f2bdb6bde80e', 'created_at': '2025-05-19T11:40:02.097808'}] count=None
[2025-05-19 14:40:00] ✅ Successfully inserted: PASTA CONDIS FIDEO PERLA 500 G
[2025-05-19 14:40:00] Attempting to insert product: {'name': 'PASTA CONDIS FIDEUA N.1 500 G', 'price': 0.79, 'category': 'Arroz, pasta y legumbres', 'store_id': 'condisline', 'quantity': '1,58€/Kilo'}
[2025-05-19 14:40:00] Supabase Response: data=[{'name': 'PASTA CONDIS FIDEUA N.1 500 G', 'price': 0.79, 'category': 'Arroz, pasta y legumbres', 'store_id': 'condisline', 'quantity': '1,58€/Kilo', 'id': 'a9b7aa39-1be0-4527-8a5a-0aa2f2ea7e65', 'created_at': '2025-05-19T11:40:02.389994'}] count=None
[2025-05-19 14:40:00] ✅ Successfully inserted: PASTA CONDIS FIDEUA N.1 500 G
[2025-05-19 14:40:00] Attempting to insert product: {'name': 'LENTEJAS LUENGO PARDINA 1 KG', 'price': 4.0, 'category': 'Arroz, pasta y legumbres', 'store_id': 'condisline', 'quantity': '4,00€/Kilo'}
[2025-05-19 14:40:00] Supabase Response: data=[{'name': 'LENTEJAS LUENGO PARDINA 1 KG', 'price': 4.0, 'category': 'Arroz, pasta y legumbres', 'store_id': 'condisline', 'quantity': '4,00€/Kilo', 'id': 'dda2f588-5eda-4533-8968-7db7f01d48ea', 'created_at': '2025-05-19T11:40:02.644891'}] count=None
[2025-05-19 14:40:00] ✅ Successfully inserted: LENTEJAS LUENGO PARDINA 1 KG
[2025-05-19 14:40:00] Attempting to insert product: {'name': 'LENTEJAS CONDIS ROJA EXTRA 1 KG', 'price': 1.75, 'category': 'Arroz, pasta y legumbres', 'store_id': 'condisline', 'quantity': '1,75€/Kilo'}
[2025-05-19 14:40:01] Supabase Response: data=[{'name': 'LENTEJAS CONDIS ROJA EXTRA 1 KG', 'price': 1.75, 'category': 'Arroz, pasta y legumbres', 'store_id': 'condisline', 'quantity': '1,75€/Kilo', 'id': 'c7a4e17b-de6b-4285-9a1b-9fabfc9ecc04', 'created_at': '2025-05-19T11:40:02.919847'}] count=None
[2025-05-19 14:40:01] ✅ Successfully inserted: LENTEJAS CONDIS ROJA EXTRA 1 KG
[2025-05-19 14:40:01] Attempting to insert product: {'name': 'LASAÑA EL PAVO INSTANTÁNEA 200 G', 'price': 1.49, 'category': 'Arroz, pasta y legumbres', 'store_id': 'condisline', 'quantity': '7,45€/Kilo'}
[2025-05-19 14:40:01] Supabase Response: data=[{'name': 'LASAÑA EL PAVO INSTANTÁNEA 200 G', 'price': 1.49, 'category': 'Arroz, pasta y legumbres', 'store_id': 'condisline', 'quantity': '7,45€/Kilo', 'id': 'd0a7dc49-7212-459d-9902-b1c1d1a56fd9', 'created_at': '2025-05-19T11:40:03.15897'}] count=None
[2025-05-19 14:40:01] ✅ Successfully inserted: LASAÑA EL PAVO INSTANTÁNEA 200 G
[2025-05-19 14:40:01] Attempting to insert product: {'name': 'ARROZ NOMEN PAELLA 1 KG', 'price': 5.15, 'category': 'Arroz, pasta y legumbres', 'store_id': 'condisline', 'quantity': '5,15€/Kilo'}
[2025-05-19 14:40:01] Supabase Response: data=[{'name': 'ARROZ NOMEN PAELLA 1 KG', 'price': 5.15, 'category': 'Arroz, pasta y legumbres', 'store_id': 'condisline', 'quantity': '5,15€/Kilo', 'id': '10044ccb-594a-4de6-8b27-f847149a5a2e', 'created_at': '2025-05-19T11:40:03.623528'}] count=None
[2025-05-19 14:40:01] ✅ Successfully inserted: ARROZ NOMEN PAELLA 1 KG
[2025-05-19 14:40:01] Attempting to insert product: {'name': 'ARROZ SEGADORS DEL DELTA EXTRA 1 KG', 'price': 2.49, 'category': 'Arroz, pasta y legumbres', 'store_id': 'condisline', 'quantity': '2,49€/Kilo'}
[2025-05-19 14:40:02] Supabase Response: data=[{'name': 'ARROZ SEGADORS DEL DELTA EXTRA 1 KG', 'price': 2.49, 'category': 'Arroz, pasta y legumbres', 'store_id': 'condisline', 'quantity': '2,49€/Kilo', 'id': 'dbd6ca9b-4eeb-4f19-8014-46900bea561d', 'created_at': '2025-05-19T11:40:03.927932'}] count=None
[2025-05-19 14:40:02] ✅ Successfully inserted: ARROZ SEGADORS DEL DELTA EXTRA 1 KG
[2025-05-19 14:40:02] Attempting to insert product: {'name': 'SPAGHETTI MOLISANA  500 G', 'price': 1.79, 'category': 'Arroz, pasta y legumbres', 'store_id': 'condisline', 'quantity': '3,58€/Kilo'}
[2025-05-19 14:40:02] Supabase Response: data=[{'name': 'SPAGHETTI MOLISANA  500 G', 'price': 1.79, 'category': 'Arroz, pasta y legumbres', 'store_id': 'condisline', 'quantity': '3,58€/Kilo', 'id': 'bef12148-facb-4508-b96d-ba420343182f', 'created_at': '2025-05-19T11:40:04.246076'}] count=None
[2025-05-19 14:40:02] ✅ Successfully inserted: SPAGHETTI MOLISANA  500 G
[2025-05-19 14:40:02] Attempting to insert product: {'name': 'TORTELLINI GALLO QUESO 500 G', 'price': 3.65, 'category': 'Arroz, pasta y legumbres', 'store_id': 'condisline', 'quantity': '7,30€/Kilo'}
[2025-05-19 14:40:02] Supabase Response: data=[{'name': 'TORTELLINI GALLO QUESO 500 G', 'price': 3.65, 'category': 'Arroz, pasta y legumbres', 'store_id': 'condisline', 'quantity': '7,30€/Kilo', 'id': '0300c19e-6658-4bb5-8707-31ad1b5492bb', 'created_at': '2025-05-19T11:40:04.460893'}] count=None
[2025-05-19 14:40:02] ✅ Successfully inserted: TORTELLINI GALLO QUESO 500 G
[2025-05-19 14:40:02] Attempting to insert product: {'name': 'HELICES GALLO NATURE MULTI VEGETAL 400 G', 'price': 2.07, 'category': 'Arroz, pasta y legumbres', 'store_id': 'condisline', 'quantity': '5,18€/Kilo'}
[2025-05-19 14:40:02] Supabase Response: data=[{'name': 'HELICES GALLO NATURE MULTI VEGETAL 400 G', 'price': 2.07, 'category': 'Arroz, pasta y legumbres', 'store_id': 'condisline', 'quantity': '5,18€/Kilo', 'id': 'e0968761-a329-42ed-a6bb-4d2bfe39c6f2', 'created_at': '2025-05-19T11:40:04.737279'}] count=None
[2025-05-19 14:40:02] ✅ Successfully inserted: HELICES GALLO NATURE MULTI VEGETAL 400 G
[2025-05-19 14:40:02] Attempting to insert product: {'name': 'GARBANZOS LUENGO SELECTOS 1 KG', 'price': 3.95, 'category': 'Arroz, pasta y legumbres', 'store_id': 'condisline', 'quantity': '3,95€/Kilo'}
[2025-05-19 14:40:03] Supabase Response: data=[{'name': 'GARBANZOS LUENGO SELECTOS 1 KG', 'price': 3.95, 'category': 'Arroz, pasta y legumbres', 'store_id': 'condisline', 'quantity': '3,95€/Kilo', 'id': 'afc12c0a-ae51-4fa5-9bfd-17c2a0e439bd', 'created_at': '2025-05-19T11:40:05.019358'}] count=None
[2025-05-19 14:40:03] ✅ Successfully inserted: GARBANZOS LUENGO SELECTOS 1 KG
[2025-05-19 14:40:03] Attempting to insert product: {'name': 'ARROZ LARGO CONDIS VAPORIZADO 1 KG', 'price': 1.69, 'category': 'Arroz, pasta y legumbres', 'store_id': 'condisline', 'quantity': '1,69€/Kilo'}
[2025-05-19 14:40:03] Supabase Response: data=[{'name': 'ARROZ LARGO CONDIS VAPORIZADO 1 KG', 'price': 1.69, 'category': 'Arroz, pasta y legumbres', 'store_id': 'condisline', 'quantity': '1,69€/Kilo', 'id': '2dd7195f-b36a-4647-84e5-893bed76c0ac', 'created_at': '2025-05-19T11:40:05.23671'}] count=None
[2025-05-19 14:40:03] ✅ Successfully inserted: ARROZ LARGO CONDIS VAPORIZADO 1 KG
[2025-05-19 14:40:03] Attempting to insert product: {'name': 'RAVIOLIS GALLO CARNE 500 G', 'price': 3.65, 'category': 'Arroz, pasta y legumbres', 'store_id': 'condisline', 'quantity': '7,30€/Kilo'}
[2025-05-19 14:40:03] Supabase Response: data=[{'name': 'RAVIOLIS GALLO CARNE 500 G', 'price': 3.65, 'category': 'Arroz, pasta y legumbres', 'store_id': 'condisline', 'quantity': '7,30€/Kilo', 'id': '6e6696e7-869e-4db0-8974-c7c89a00c855', 'created_at': '2025-05-19T11:40:05.460401'}] count=None
[2025-05-19 14:40:03] ✅ Successfully inserted: RAVIOLIS GALLO CARNE 500 G
[2025-05-19 14:40:03] Attempting to insert product: {'name': 'FIDEO ARROZ GALLO SIN GLUTEN 450 G', 'price': 2.49, 'category': 'Arroz, pasta y legumbres', 'store_id': 'condisline', 'quantity': '5,53€/Kilo'}
[2025-05-19 14:40:03] Supabase Response: data=[{'name': 'FIDEO ARROZ GALLO SIN GLUTEN 450 G', 'price': 2.49, 'category': 'Arroz, pasta y legumbres', 'store_id': 'condisline', 'quantity': '5,53€/Kilo', 'id': 'ed95c310-29f7-4ae1-8ce3-57447ff9c137', 'created_at': '2025-05-19T11:40:05.69567'}] count=None
[2025-05-19 14:40:03] ✅ Successfully inserted: FIDEO ARROZ GALLO SIN GLUTEN 450 G
[2025-05-19 14:40:03] Attempting to insert product: {'name': 'HELICES GALLO NATURE LENTEJA 250 G', 'price': 1.99, 'category': 'Arroz, pasta y legumbres', 'store_id': 'condisline', 'quantity': '7,96€/Kilo'}
[2025-05-19 14:40:04] Supabase Response: data=[{'name': 'HELICES GALLO NATURE LENTEJA 250 G', 'price': 1.99, 'category': 'Arroz, pasta y legumbres', 'store_id': 'condisline', 'quantity': '7,96€/Kilo', 'id': '4a5b34b9-80ae-41ff-905a-daeaacba6567', 'created_at': '2025-05-19T11:40:05.95948'}] count=None
[2025-05-19 14:40:04] ✅ Successfully inserted: HELICES GALLO NATURE LENTEJA 250 G
[2025-05-19 14:40:04] Attempting to insert product: {'name': 'LENTEJAS LUENGO CASTELLANA 500 G', 'price': 1.97, 'category': 'Arroz, pasta y legumbres', 'store_id': 'condisline', 'quantity': '3,94€/Kilo'}
[2025-05-19 14:40:04] Supabase Response: data=[{'name': 'LENTEJAS LUENGO CASTELLANA 500 G', 'price': 1.97, 'category': 'Arroz, pasta y legumbres', 'store_id': 'condisline', 'quantity': '3,94€/Kilo', 'id': '0968e607-d3c6-44c7-af4a-d48c0f6ffe83', 'created_at': '2025-05-19T11:40:06.178617'}] count=None
[2025-05-19 14:40:04] ✅ Successfully inserted: LENTEJAS LUENGO CASTELLANA 500 G
[2025-05-19 14:40:04] Attempting to insert product: {'name': 'ESPAGUETIS CONDIS ECO 500 G', 'price': 2.55, 'category': 'Arroz, pasta y legumbres', 'store_id': 'condisline', 'quantity': '5,10€/Kilo'}
[2025-05-19 14:40:04] Supabase Response: data=[{'name': 'ESPAGUETIS CONDIS ECO 500 G', 'price': 2.55, 'category': 'Arroz, pasta y legumbres', 'store_id': 'condisline', 'quantity': '5,10€/Kilo', 'id': '69dc55f3-e949-4edc-9be8-03dd427fa50b', 'created_at': '2025-05-19T11:40:06.428739'}] count=None
[2025-05-19 14:40:04] ✅ Successfully inserted: ESPAGUETIS CONDIS ECO 500 G
[2025-05-19 14:40:04] Attempting to insert product: {'name': 'PASTA GALLO FIDEOS N.1 450 G', 'price': 1.39, 'category': 'Arroz, pasta y legumbres', 'store_id': 'condisline', 'quantity': '3,09€/Kilo'}
[2025-05-19 14:40:04] Supabase Response: data=[{'name': 'PASTA GALLO FIDEOS N.1 450 G', 'price': 1.39, 'category': 'Arroz, pasta y legumbres', 'store_id': 'condisline', 'quantity': '3,09€/Kilo', 'id': 'ad8e0a3b-9c25-4bfe-8ac7-bd3255167b04', 'created_at': '2025-05-19T11:40:06.642546'}] count=None
[2025-05-19 14:40:04] ✅ Successfully inserted: PASTA GALLO FIDEOS N.1 450 G
[2025-05-19 14:40:04] Attempting to insert product: {'name': 'PASTA GALLO FIDEUA 450 G', 'price': 1.39, 'category': 'Arroz, pasta y legumbres', 'store_id': 'condisline', 'quantity': '3,09€/Kilo'}
[2025-05-19 14:40:05] Supabase Response: data=[{'name': 'PASTA GALLO FIDEUA 450 G', 'price': 1.39, 'category': 'Arroz, pasta y legumbres', 'store_id': 'condisline', 'quantity': '3,09€/Kilo', 'id': '6275c68d-3ea3-411f-bb54-7b9ddc8d2d33', 'created_at': '2025-05-19T11:40:06.881585'}] count=None
[2025-05-19 14:40:05] ✅ Successfully inserted: PASTA GALLO FIDEUA 450 G
[2025-05-19 14:40:05] Attempting to insert product: {'name': 'GARBANZOS CONDIS EXTRA 1 KG', 'price': 2.49, 'category': 'Arroz, pasta y legumbres', 'store_id': 'condisline', 'quantity': '2,49€/Kilo'}
[2025-05-19 14:40:05] Supabase Response: data=[{'name': 'GARBANZOS CONDIS EXTRA 1 KG', 'price': 2.49, 'category': 'Arroz, pasta y legumbres', 'store_id': 'condisline', 'quantity': '2,49€/Kilo', 'id': '7bf96ef4-eafc-47ee-a7d0-83f26f4fcbab', 'created_at': '2025-05-19T11:40:07.1258'}] count=None
[2025-05-19 14:40:05] ✅ Successfully inserted: GARBANZOS CONDIS EXTRA 1 KG
[2025-05-19 14:40:05] Attempting to insert product: {'name': 'CANELONES EL PAVO FÁCIL 125 G', 'price': 1.53, 'category': 'Arroz, pasta y legumbres', 'store_id': 'condisline', 'quantity': '12,24€/Kilo'}
[2025-05-19 14:40:05] Supabase Response: data=[{'name': 'CANELONES EL PAVO FÁCIL 125 G', 'price': 1.53, 'category': 'Arroz, pasta y legumbres', 'store_id': 'condisline', 'quantity': '12,24€/Kilo', 'id': 'f74ef05f-c41d-404a-8605-e3c1bdcc7a2b', 'created_at': '2025-05-19T11:40:07.405649'}] count=None
[2025-05-19 14:40:05] ✅ Successfully inserted: CANELONES EL PAVO FÁCIL 125 G
[2025-05-19 14:40:05] Attempting to insert product: {'name': 'MACARRONES CONDIS ECO INTEGRALES 500 G', 'price': 2.55, 'category': 'Arroz, pasta y legumbres', 'store_id': 'condisline', 'quantity': '5,10€/Kilo'}
[2025-05-19 14:40:05] Supabase Response: data=[{'name': 'MACARRONES CONDIS ECO INTEGRALES 500 G', 'price': 2.55, 'category': 'Arroz, pasta y legumbres', 'store_id': 'condisline', 'quantity': '5,10€/Kilo', 'id': 'b07e8d74-9c42-48c3-b876-15378490a409', 'created_at': '2025-05-19T11:40:07.640889'}] count=None
[2025-05-19 14:40:05] ✅ Successfully inserted: MACARRONES CONDIS ECO INTEGRALES 500 G
[2025-05-19 14:40:05] Attempting to insert product: {'name': 'SEMOLA NOMEN TRIGO 500 G', 'price': 1.49, 'category': 'Arroz, pasta y legumbres', 'store_id': 'condisline', 'quantity': '2,98€/Kilo'}
[2025-05-19 14:40:06] Supabase Response: data=[{'name': 'SEMOLA NOMEN TRIGO 500 G', 'price': 1.49, 'category': 'Arroz, pasta y legumbres', 'store_id': 'condisline', 'quantity': '2,98€/Kilo', 'id': 'ac1ff177-dfb6-4ab5-be63-23cd8072988e', 'created_at': '2025-05-19T11:40:07.885121'}] count=None
[2025-05-19 14:40:06] ✅ Successfully inserted: SEMOLA NOMEN TRIGO 500 G
[2025-05-19 14:40:06] Attempting to insert product: {'name': 'PLACAS GALLO CANELONES 20 UNIDADES 160 G', 'price': 0.83, 'category': 'Arroz, pasta y legumbres', 'store_id': 'condisline', 'quantity': '5,19€/Kilo'}
[2025-05-19 14:40:06] Supabase Response: data=[{'name': 'PLACAS GALLO CANELONES 20 UNIDADES 160 G', 'price': 0.83, 'category': 'Arroz, pasta y legumbres', 'store_id': 'condisline', 'quantity': '5,19€/Kilo', 'id': 'cdeeea52-ca55-4caa-b145-f54336e671af', 'created_at': '2025-05-19T11:40:08.128226'}] count=None
[2025-05-19 14:40:06] ✅ Successfully inserted: PLACAS GALLO CANELONES 20 UNIDADES 160 G
[2025-05-19 14:40:06] Attempting to insert product: {'name': 'SOJA LUENGO TEXTURIZADA 200 G', 'price': 2.75, 'category': 'Arroz, pasta y legumbres', 'store_id': 'condisline', 'quantity': '13,75€/Kilo'}
[2025-05-19 14:40:06] Supabase Response: data=[{'name': 'SOJA LUENGO TEXTURIZADA 200 G', 'price': 2.75, 'category': 'Arroz, pasta y legumbres', 'store_id': 'condisline', 'quantity': '13,75€/Kilo', 'id': '02a2fba9-81b3-4751-8fbd-ead405d3cf53', 'created_at': '2025-05-19T11:40:08.463873'}] count=None
[2025-05-19 14:40:06] ✅ Successfully inserted: SOJA LUENGO TEXTURIZADA 200 G
[2025-05-19 14:40:06] Attempting to insert product: {'name': 'ALUBIAS LUENGO PINTAS 500 G', 'price': 2.07, 'category': 'Arroz, pasta y legumbres', 'store_id': 'condisline', 'quantity': '4,14€/Kilo'}
[2025-05-19 14:40:07] Supabase Response: data=[{'name': 'ALUBIAS LUENGO PINTAS 500 G', 'price': 2.07, 'category': 'Arroz, pasta y legumbres', 'store_id': 'condisline', 'quantity': '4,14€/Kilo', 'id': '3dca8bd3-78de-487b-a79f-99da255d9fec', 'created_at': '2025-05-19T11:40:08.687246'}] count=None
[2025-05-19 14:40:07] ✅ Successfully inserted: ALUBIAS LUENGO PINTAS 500 G
[2025-05-19 14:40:07] Attempting to insert product: {'name': 'ESPAGUETIS CONDIS ECO INTEGRALES 500 G', 'price': 2.55, 'category': 'Arroz, pasta y legumbres', 'store_id': 'condisline', 'quantity': '5,10€/Kilo'}
[2025-05-19 14:40:07] Supabase Response: data=[{'name': 'ESPAGUETIS CONDIS ECO INTEGRALES 500 G', 'price': 2.55, 'category': 'Arroz, pasta y legumbres', 'store_id': 'condisline', 'quantity': '5,10€/Kilo', 'id': '66c50198-dd53-4ff0-a56e-60c379ccaf9a', 'created_at': '2025-05-19T11:40:09.069541'}] count=None
[2025-05-19 14:40:07] ✅ Successfully inserted: ESPAGUETIS CONDIS ECO INTEGRALES 500 G
[2025-05-19 14:40:07] Attempting to insert product: {'name': 'PASTA GALLO DISNEY MICKEY 300 G', 'price': 2.2, 'category': 'Arroz, pasta y legumbres', 'store_id': 'condisline', 'quantity': '7,33€/Kilo'}
[2025-05-19 14:40:08] Supabase Response: data=[{'name': 'PASTA GALLO DISNEY MICKEY 300 G', 'price': 2.2, 'category': 'Arroz, pasta y legumbres', 'store_id': 'condisline', 'quantity': '7,33€/Kilo', 'id': 'dd7a659f-d0dc-4454-ab49-0227afee813b', 'created_at': '2025-05-19T11:40:09.778894'}] count=None
[2025-05-19 14:40:08] ✅ Successfully inserted: PASTA GALLO DISNEY MICKEY 300 G
[2025-05-19 14:40:08] Attempting to insert product: {'name': 'SEMILLAS SOL NATURA SESAMO TOSTADO 500 G', 'price': 5.59, 'category': 'Arroz, pasta y legumbres', 'store_id': 'condisline', 'quantity': '11,18€/Kilo'}
[2025-05-19 14:40:08] Supabase Response: data=[{'name': 'SEMILLAS SOL NATURA SESAMO TOSTADO 500 G', 'price': 5.59, 'category': 'Arroz, pasta y legumbres', 'store_id': 'condisline', 'quantity': '11,18€/Kilo', 'id': '125b59bd-5fdf-4eb4-805d-78eec501f56f', 'created_at': '2025-05-19T11:40:10.075005'}] count=None
[2025-05-19 14:40:08] ✅ Successfully inserted: SEMILLAS SOL NATURA SESAMO TOSTADO 500 G
[2025-05-19 14:40:08] Attempting to insert product: {'name': 'LASAÑA GALLO PLACAS HORNO 224 G', 'price': 1.75, 'category': 'Arroz, pasta y legumbres', 'store_id': 'condisline', 'quantity': '7,81€/Kilo'}
[2025-05-19 14:40:08] Supabase Response: data=[{'name': 'LASAÑA GALLO PLACAS HORNO 224 G', 'price': 1.75, 'category': 'Arroz, pasta y legumbres', 'store_id': 'condisline', 'quantity': '7,81€/Kilo', 'id': 'c11df0d1-9da0-46fa-9207-e4324391375d', 'created_at': '2025-05-19T11:40:10.41098'}] count=None
[2025-05-19 14:40:08] ✅ Successfully inserted: LASAÑA GALLO PLACAS HORNO 224 G
[2025-05-19 14:40:08] Attempting to insert product: {'name': 'LENTEJA  PARDINA ECO 500 G', 'price': 4.79, 'category': 'Arroz, pasta y legumbres', 'store_id': 'condisline', 'quantity': '9,58€/Kilo'}
[2025-05-19 14:40:08] Supabase Response: data=[{'name': 'LENTEJA  PARDINA ECO 500 G', 'price': 4.79, 'category': 'Arroz, pasta y legumbres', 'store_id': 'condisline', 'quantity': '9,58€/Kilo', 'id': '020dbc5b-c559-4ce1-a1d3-4973cf8e8b69', 'created_at': '2025-05-19T11:40:10.705874'}] count=None
[2025-05-19 14:40:08] ✅ Successfully inserted: LENTEJA  PARDINA ECO 500 G
[2025-05-19 14:40:08] Attempting to insert product: {'name': 'PASTA GALLO DISNEY FROZEN 300 G', 'price': 2.2, 'category': 'Arroz, pasta y legumbres', 'store_id': 'condisline', 'quantity': '7,33€/Kilo'}
[2025-05-19 14:40:09] Supabase Response: data=[{'name': 'PASTA GALLO DISNEY FROZEN 300 G', 'price': 2.2, 'category': 'Arroz, pasta y legumbres', 'store_id': 'condisline', 'quantity': '7,33€/Kilo', 'id': 'd76d6558-2cd5-448e-b05e-95ed56fc1a72', 'created_at': '2025-05-19T11:40:10.967275'}] count=None
[2025-05-19 14:40:09] ✅ Successfully inserted: PASTA GALLO DISNEY FROZEN 300 G
[2025-05-19 14:40:09] Attempting to insert product: {'name': 'FIDEOS CASA AMELLA N.0 INTEGRALES ESPELT 250 G', 'price': 2.99, 'category': 'Arroz, pasta y legumbres', 'store_id': 'condisline', 'quantity': '11,96€/Kilo'}
[2025-05-19 14:40:09] Supabase Response: data=[{'name': 'FIDEOS CASA AMELLA N.0 INTEGRALES ESPELT 250 G', 'price': 2.99, 'category': 'Arroz, pasta y legumbres', 'store_id': 'condisline', 'quantity': '11,96€/Kilo', 'id': '91f91bc0-8e61-469e-bf03-b07341d519ff', 'created_at': '2025-05-19T11:40:11.271557'}] count=None
[2025-05-19 14:40:09] ✅ Successfully inserted: FIDEOS CASA AMELLA N.0 INTEGRALES ESPELT 250 G
[2025-05-19 14:40:09] Attempting to insert product: {'name': 'MACARRONES CASA AMELLA INTEGRALES ESPELTA 250 G', 'price': 2.99, 'category': 'Arroz, pasta y legumbres', 'store_id': 'condisline', 'quantity': '11,96€/Kilo'}
[2025-05-19 14:40:09] Supabase Response: data=[{'name': 'MACARRONES CASA AMELLA INTEGRALES ESPELTA 250 G', 'price': 2.99, 'category': 'Arroz, pasta y legumbres', 'store_id': 'condisline', 'quantity': '11,96€/Kilo', 'id': 'a7cecc12-9044-41c4-8967-3d681fab8a26', 'created_at': '2025-05-19T11:40:11.564788'}] count=None
[2025-05-19 14:40:09] ✅ Successfully inserted: MACARRONES CASA AMELLA INTEGRALES ESPELTA 250 G
[2025-05-19 14:40:09] Attempting to insert product: {'name': 'CANELONES EL PAVO  20 UNIDADES', 'price': 1.25, 'category': 'Arroz, pasta y legumbres', 'store_id': 'condisline', 'quantity': '10,00€/Kilo'}
[2025-05-19 14:40:09] Supabase Response: data=[{'name': 'CANELONES EL PAVO  20 UNIDADES', 'price': 1.25, 'category': 'Arroz, pasta y legumbres', 'store_id': 'condisline', 'quantity': '10,00€/Kilo', 'id': '28f98507-e12f-47ae-99a3-ff8375239e86', 'created_at': '2025-05-19T11:40:11.807587'}] count=None
[2025-05-19 14:40:09] ✅ Successfully inserted: CANELONES EL PAVO  20 UNIDADES
[2025-05-19 14:40:09] Attempting to insert product: {'name': 'ARROZ SEO FOOD INTEGRAL ECOLO 1 KG', 'price': 6.75, 'category': 'Arroz, pasta y legumbres', 'store_id': 'condisline', 'quantity': '6,75€/Kilo'}
[2025-05-19 14:40:10] Supabase Response: data=[{'name': 'ARROZ SEO FOOD INTEGRAL ECOLO 1 KG', 'price': 6.75, 'category': 'Arroz, pasta y legumbres', 'store_id': 'condisline', 'quantity': '6,75€/Kilo', 'id': 'f160d4ed-96cc-4508-ab76-8d31320320b3', 'created_at': '2025-05-19T11:40:12.026614'}] count=None
[2025-05-19 14:40:10] ✅ Successfully inserted: ARROZ SEO FOOD INTEGRAL ECOLO 1 KG
[2025-05-19 14:40:10] Attempting to insert product: {'name': 'ALUBIAS LUENGO BLANCAS 500 G', 'price': 2.07, 'category': 'Arroz, pasta y legumbres', 'store_id': 'condisline', 'quantity': '4,14€/Kilo'}
[2025-05-19 14:40:10] Supabase Response: data=[{'name': 'ALUBIAS LUENGO BLANCAS 500 G', 'price': 2.07, 'category': 'Arroz, pasta y legumbres', 'store_id': 'condisline', 'quantity': '4,14€/Kilo', 'id': '3815ba34-0826-4904-a570-344aea368486', 'created_at': '2025-05-19T11:40:12.344681'}] count=None
[2025-05-19 14:40:10] ✅ Successfully inserted: ALUBIAS LUENGO BLANCAS 500 G
[2025-05-19 14:40:10] Attempting to insert product: {'name': 'PASTA GALLO TIBURÓN SIN GLUTEN 450 G', 'price': 2.49, 'category': 'Arroz, pasta y legumbres', 'store_id': 'condisline', 'quantity': '5,53€/Kilo'}
[2025-05-19 14:40:10] Supabase Response: data=[{'name': 'PASTA GALLO TIBURÓN SIN GLUTEN 450 G', 'price': 2.49, 'category': 'Arroz, pasta y legumbres', 'store_id': 'condisline', 'quantity': '5,53€/Kilo', 'id': '071cf2f1-ed5c-4d85-917d-19d0eccbd285', 'created_at': '2025-05-19T11:40:12.684092'}] count=None
[2025-05-19 14:40:10] ✅ Successfully inserted: PASTA GALLO TIBURÓN SIN GLUTEN 450 G
[2025-05-19 14:40:10] Attempting to insert product: {'name': 'ESPAGUETIS CASA AMELLA INTEGRALES ESPELTA 250 G', 'price': 2.99, 'category': 'Arroz, pasta y legumbres', 'store_id': 'condisline', 'quantity': '11,96€/Kilo'}
[2025-05-19 14:40:11] Supabase Response: data=[{'name': 'ESPAGUETIS CASA AMELLA INTEGRALES ESPELTA 250 G', 'price': 2.99, 'category': 'Arroz, pasta y legumbres', 'store_id': 'condisline', 'quantity': '11,96€/Kilo', 'id': '3b51b664-10e6-4d75-b759-78cd0638556c', 'created_at': '2025-05-19T11:40:13.000337'}] count=None
[2025-05-19 14:40:11] ✅ Successfully inserted: ESPAGUETIS CASA AMELLA INTEGRALES ESPELTA 250 G
[2025-05-19 14:40:11] Attempting to insert product: {'name': 'ESPIRALES CASA AMELLA INTEGRALES ESPELTA 250 G', 'price': 2.99, 'category': 'Arroz, pasta y legumbres', 'store_id': 'condisline', 'quantity': '11,96€/Kilo'}
[2025-05-19 14:40:11] Supabase Response: data=[{'name': 'ESPIRALES CASA AMELLA INTEGRALES ESPELTA 250 G', 'price': 2.99, 'category': 'Arroz, pasta y legumbres', 'store_id': 'condisline', 'quantity': '11,96€/Kilo', 'id': '80887a77-bd09-4d33-96bd-fd24dacebcc6', 'created_at': '2025-05-19T11:40:13.259455'}] count=None
[2025-05-19 14:40:11] ✅ Successfully inserted: ESPIRALES CASA AMELLA INTEGRALES ESPELTA 250 G
[2025-05-19 14:40:11] Attempting to insert product: {'name': 'ALUBIAS LUENGO BLANCAS 1 KG', 'price': 3.91, 'category': 'Arroz, pasta y legumbres', 'store_id': 'condisline', 'quantity': '3,91€/Kilo'}
[2025-05-19 14:40:11] Supabase Response: data=[{'name': 'ALUBIAS LUENGO BLANCAS 1 KG', 'price': 3.91, 'category': 'Arroz, pasta y legumbres', 'store_id': 'condisline', 'quantity': '3,91€/Kilo', 'id': '79127d25-0bf2-4c35-8b7a-4145b826db56', 'created_at': '2025-05-19T11:40:13.552167'}] count=None
[2025-05-19 14:40:11] ✅ Successfully inserted: ALUBIAS LUENGO BLANCAS 1 KG
[2025-05-19 14:40:11] Attempting to insert product: {'name': 'SEMOLA NOMEN ARROZ 500 G', 'price': 1.29, 'category': 'Arroz, pasta y legumbres', 'store_id': 'condisline', 'quantity': '2,58€/Kilo'}
[2025-05-19 14:40:12] Supabase Response: data=[{'name': 'SEMOLA NOMEN ARROZ 500 G', 'price': 1.29, 'category': 'Arroz, pasta y legumbres', 'store_id': 'condisline', 'quantity': '2,58€/Kilo', 'id': '15128b8e-ad3c-4229-bb22-e59b6aa88d7d', 'created_at': '2025-05-19T11:40:13.958476'}] count=None
[2025-05-19 14:40:12] ✅ Successfully inserted: SEMOLA NOMEN ARROZ 500 G
[2025-05-19 14:40:12] Attempting to insert product: {'name': 'JUDIA  ECO 500 G', 'price': 9.79, 'category': 'Arroz, pasta y legumbres', 'store_id': 'condisline', 'quantity': '19,58€/Kilo'}
[2025-05-19 14:40:12] Supabase Response: data=[{'name': 'JUDIA  ECO 500 G', 'price': 9.79, 'category': 'Arroz, pasta y legumbres', 'store_id': 'condisline', 'quantity': '19,58€/Kilo', 'id': '5437feac-6c0a-4c24-b303-c348efc4435a', 'created_at': '2025-05-19T11:40:14.267363'}] count=None
[2025-05-19 14:40:12] ✅ Successfully inserted: JUDIA  ECO 500 G
[2025-05-19 14:40:12] Attempting to insert product: {'name': 'SEMILLAS SOL NATURAL LINO DORADO ECO 500 G', 'price': 3.75, 'category': 'Arroz, pasta y legumbres', 'store_id': 'condisline', 'quantity': '7,50€/Kilo'}
[2025-05-19 14:40:12] Supabase Response: data=[{'name': 'SEMILLAS SOL NATURAL LINO DORADO ECO 500 G', 'price': 3.75, 'category': 'Arroz, pasta y legumbres', 'store_id': 'condisline', 'quantity': '7,50€/Kilo', 'id': '51d16947-088a-4a08-963a-07af23cf60de', 'created_at': '2025-05-19T11:40:14.588788'}] count=None
[2025-05-19 14:40:12] ✅ Successfully inserted: SEMILLAS SOL NATURAL LINO DORADO ECO 500 G
[2025-05-19 14:40:12] Attempting to insert product: {'name': 'SEMILLAS SOL NATURA CHIA ECOLOGICA 250 G', 'price': 4.45, 'category': 'Arroz, pasta y legumbres', 'store_id': 'condisline', 'quantity': '17,80€/Kilo'}
[2025-05-19 14:40:13] Supabase Response: data=[{'name': 'SEMILLAS SOL NATURA CHIA ECOLOGICA 250 G', 'price': 4.45, 'category': 'Arroz, pasta y legumbres', 'store_id': 'condisline', 'quantity': '17,80€/Kilo', 'id': '47167ea1-a93c-48b5-8724-ed860ab75d79', 'created_at': '2025-05-19T11:40:14.883987'}] count=None
[2025-05-19 14:40:13] ✅ Successfully inserted: SEMILLAS SOL NATURA CHIA ECOLOGICA 250 G
[2025-05-19 14:40:13] Attempting to insert product: {'name': 'ALUBIA LUENGO NEGRITA 500 G', 'price': 1.56, 'category': 'Arroz, pasta y legumbres', 'store_id': 'condisline', 'quantity': '3,12€/Kilo'}
[2025-05-19 14:40:13] Supabase Response: data=[{'name': 'ALUBIA LUENGO NEGRITA 500 G', 'price': 1.56, 'category': 'Arroz, pasta y legumbres', 'store_id': 'condisline', 'quantity': '3,12€/Kilo', 'id': 'dce0774c-2179-4d7c-914c-2f130e07afd2', 'created_at': '2025-05-19T11:40:15.216097'}] count=None
[2025-05-19 14:40:13] ✅ Successfully inserted: ALUBIA LUENGO NEGRITA 500 G
[2025-05-19 14:40:13] Attempting to insert product: {'name': 'GARBANZOS  ECO 500 G', 'price': 4.35, 'category': 'Arroz, pasta y legumbres', 'store_id': 'condisline', 'quantity': '8,70€/Kilo'}
[2025-05-19 14:40:13] Supabase Response: data=[{'name': 'GARBANZOS  ECO 500 G', 'price': 4.35, 'category': 'Arroz, pasta y legumbres', 'store_id': 'condisline', 'quantity': '8,70€/Kilo', 'id': 'c2ca7712-dd68-4122-9def-1e894bb80686', 'created_at': '2025-05-19T11:40:15.499873'}] count=None
[2025-05-19 14:40:13] ✅ Successfully inserted: GARBANZOS  ECO 500 G
[2025-05-19 14:40:13] Attempting to insert product: {'name': 'PASTA GALLO MARVEL SPIDERMAN 300 G', 'price': 2.2, 'category': 'Arroz, pasta y legumbres', 'store_id': 'condisline', 'quantity': '7,33€/Kilo'}
[2025-05-19 14:40:14] Supabase Response: data=[{'name': 'PASTA GALLO MARVEL SPIDERMAN 300 G', 'price': 2.2, 'category': 'Arroz, pasta y legumbres', 'store_id': 'condisline', 'quantity': '7,33€/Kilo', 'id': '75d5567d-67f2-4c18-a16e-41edcbc9e1ac', 'created_at': '2025-05-19T11:40:15.841655'}] count=None
[2025-05-19 14:40:14] ✅ Successfully inserted: PASTA GALLO MARVEL SPIDERMAN 300 G
[2025-05-19 14:40:14] Attempting to insert product: {'name': 'ESPIRALES CONDIS ECO VEGETALES 500 G', 'price': 2.59, 'category': 'Arroz, pasta y legumbres', 'store_id': 'condisline', 'quantity': '5,18€/Kilo'}
[2025-05-19 14:40:14] Supabase Response: data=[{'name': 'ESPIRALES CONDIS ECO VEGETALES 500 G', 'price': 2.59, 'category': 'Arroz, pasta y legumbres', 'store_id': 'condisline', 'quantity': '5,18€/Kilo', 'id': 'da851192-40f8-4aa0-9178-d3ef3892eabe', 'created_at': '2025-05-19T11:40:16.10715'}] count=None
[2025-05-19 14:40:14] ✅ Successfully inserted: ESPIRALES CONDIS ECO VEGETALES 500 G
[2025-05-19 14:40:14] Attempting to insert product: {'name': 'FIDEOS CONDIS ECO Nº 0 500 G', 'price': 2.59, 'category': 'Arroz, pasta y legumbres', 'store_id': 'condisline', 'quantity': '5,18€/Kilo'}
[2025-05-19 14:40:14] Supabase Response: data=[{'name': 'FIDEOS CONDIS ECO Nº 0 500 G', 'price': 2.59, 'category': 'Arroz, pasta y legumbres', 'store_id': 'condisline', 'quantity': '5,18€/Kilo', 'id': '8cac99fd-e94e-41d1-8376-6e822510a375', 'created_at': '2025-05-19T11:40:16.322508'}] count=None
[2025-05-19 14:40:14] ✅ Successfully inserted: FIDEOS CONDIS ECO Nº 0 500 G
[2025-05-19 14:40:14] Attempting to insert product: {'name': 'QUINOA SOL NATURA ECOLOGICA 500 G', 'price': 5.71, 'category': 'Arroz, pasta y legumbres', 'store_id': 'condisline', 'quantity': '11,42€/Kilo'}
[2025-05-19 14:40:14] Supabase Response: data=[{'name': 'QUINOA SOL NATURA ECOLOGICA 500 G', 'price': 5.71, 'category': 'Arroz, pasta y legumbres', 'store_id': 'condisline', 'quantity': '11,42€/Kilo', 'id': '29c23801-9632-4c36-b77a-e64a1e8bd757', 'created_at': '2025-05-19T11:40:16.579675'}] count=None
[2025-05-19 14:40:14] ✅ Successfully inserted: QUINOA SOL NATURA ECOLOGICA 500 G
[2025-05-19 14:40:14] Attempting to insert product: {'name': 'ARROZ SEO FOOD BLANCO ECOLOG 1 KG', 'price': 6.75, 'category': 'Arroz, pasta y legumbres', 'store_id': 'condisline', 'quantity': '6,75€/Kilo'}
[2025-05-19 14:40:15] Supabase Response: data=[{'name': 'ARROZ SEO FOOD BLANCO ECOLOG 1 KG', 'price': 6.75, 'category': 'Arroz, pasta y legumbres', 'store_id': 'condisline', 'quantity': '6,75€/Kilo', 'id': '6fe46386-ff6a-4dc2-9033-057d46523b75', 'created_at': '2025-05-19T11:40:16.94204'}] count=None
[2025-05-19 14:40:15] ✅ Successfully inserted: ARROZ SEO FOOD BLANCO ECOLOG 1 KG
[2025-05-19 14:40:23] Attempting to insert product: {'name': 'MASA PIZZA BUITONI FINISSIMA MAXI 350 G', 'price': 2.79, 'category': 'Panes, harinas y masas', 'store_id': 'condisline', 'quantity': '7,97€/Kilo'}
[2025-05-19 14:40:24] Supabase Response: data=[{'name': 'MASA PIZZA BUITONI FINISSIMA MAXI 350 G', 'price': 2.79, 'category': 'Panes, harinas y masas', 'store_id': 'condisline', 'quantity': '7,97€/Kilo', 'id': 'daceaea5-61ad-492e-b8d7-4cd98269902a', 'created_at': '2025-05-19T11:40:26.054419'}] count=None
[2025-05-19 14:40:24] ✅ Successfully inserted: MASA PIZZA BUITONI FINISSIMA MAXI 350 G
[2025-05-19 14:40:24] Attempting to insert product: {'name': 'BASES BRISA BUITONI 230 G', 'price': 2.35, 'category': 'Panes, harinas y masas', 'store_id': 'condisline', 'quantity': '10,22€/Kilo'}
[2025-05-19 14:40:24] Supabase Response: data=[{'name': 'BASES BRISA BUITONI 230 G', 'price': 2.35, 'category': 'Panes, harinas y masas', 'store_id': 'condisline', 'quantity': '10,22€/Kilo', 'id': '9b4bf11a-c2f9-411d-8703-9d2377fedf66', 'created_at': '2025-05-19T11:40:26.282611'}] count=None
[2025-05-19 14:40:24] ✅ Successfully inserted: BASES BRISA BUITONI 230 G
[2025-05-19 14:40:24] Attempting to insert product: {'name': 'PAN MOLDE BIMBO SIN CORTEZA 450 G', 'price': 1.99, 'category': 'Panes, harinas y masas', 'store_id': 'condisline', 'quantity': '4,42€/Kilo'}
[2025-05-19 14:40:24] Supabase Response: data=[{'name': 'PAN MOLDE BIMBO SIN CORTEZA 450 G', 'price': 1.99, 'category': 'Panes, harinas y masas', 'store_id': 'condisline', 'quantity': '4,42€/Kilo', 'id': '5d44a136-ca32-421a-bf5d-30a720a931d7', 'created_at': '2025-05-19T11:40:26.575882'}] count=None
[2025-05-19 14:40:24] ✅ Successfully inserted: PAN MOLDE BIMBO SIN CORTEZA 450 G
[2025-05-19 14:40:24] Attempting to insert product: {'name': 'PAN DE MOLDE BIMBO SIN CORTEZA 100% NATURAL 450 G', 'price': 2.39, 'category': 'Panes, harinas y masas', 'store_id': 'condisline', 'quantity': '5,31€/Kilo'}
[2025-05-19 14:40:25] Supabase Response: data=[{'name': 'PAN DE MOLDE BIMBO SIN CORTEZA 100% NATURAL 450 G', 'price': 2.39, 'category': 'Panes, harinas y masas', 'store_id': 'condisline', 'quantity': '5,31€/Kilo', 'id': 'b831ef7b-56df-4beb-bac7-d0dee346f143', 'created_at': '2025-05-19T11:40:26.792515'}] count=None
[2025-05-19 14:40:25] ✅ Successfully inserted: PAN DE MOLDE BIMBO SIN CORTEZA 100% NATURAL 450 G
[2025-05-19 14:40:25] Attempting to insert product: {'name': 'PAN MOLDE BIMBO SILUETA SIN CORTEZA 8 CEREALES 450 G', 'price': 2.15, 'category': 'Panes, harinas y masas', 'store_id': 'condisline', 'quantity': '4,78€/Kilo'}
[2025-05-19 14:40:25] Supabase Response: data=[{'name': 'PAN MOLDE BIMBO SILUETA SIN CORTEZA 8 CEREALES 450 G', 'price': 2.15, 'category': 'Panes, harinas y masas', 'store_id': 'condisline', 'quantity': '4,78€/Kilo', 'id': 'a3fce2e6-e2c9-4001-889a-9768f5e99858', 'created_at': '2025-05-19T11:40:27.058135'}] count=None
[2025-05-19 14:40:25] ✅ Successfully inserted: PAN MOLDE BIMBO SILUETA SIN CORTEZA 8 CEREALES 450 G
[2025-05-19 14:40:25] Attempting to insert product: {'name': 'PAN DE MOLDE BIMBO FAMILIAR 26 REBANADAS 700 G', 'price': 2.29, 'category': 'Panes, harinas y masas', 'store_id': 'condisline', 'quantity': '3,27€/Kilo'}
[2025-05-19 14:40:25] Supabase Response: data=[{'name': 'PAN DE MOLDE BIMBO FAMILIAR 26 REBANADAS 700 G', 'price': 2.29, 'category': 'Panes, harinas y masas', 'store_id': 'condisline', 'quantity': '3,27€/Kilo', 'id': '69139e2c-007d-424f-86fe-8e6757094e29', 'created_at': '2025-05-19T11:40:27.270585'}] count=None
[2025-05-19 14:40:25] ✅ Successfully inserted: PAN DE MOLDE BIMBO FAMILIAR 26 REBANADAS 700 G
[2025-05-19 14:40:25] Attempting to insert product: {'name': 'PAN MOLDE CONDIS SIN CORTEZA 450 G', 'price': 1.17, 'category': 'Panes, harinas y masas', 'store_id': 'condisline', 'quantity': '2,60€/Kilo'}
[2025-05-19 14:40:25] Supabase Response: data=[{'name': 'PAN MOLDE CONDIS SIN CORTEZA 450 G', 'price': 1.17, 'category': 'Panes, harinas y masas', 'store_id': 'condisline', 'quantity': '2,60€/Kilo', 'id': 'a609bbf9-ca14-437c-bf92-d86c2e086ff2', 'created_at': '2025-05-19T11:40:27.501648'}] count=None
[2025-05-19 14:40:25] ✅ Successfully inserted: PAN MOLDE CONDIS SIN CORTEZA 450 G
[2025-05-19 14:40:25] Attempting to insert product: {'name': 'PAN TOSTADO CONDIS TRADICIONAL 30 UNIDADES 270 G', 'price': 1.09, 'category': 'Panes, harinas y masas', 'store_id': 'condisline', 'quantity': '4,04€/Kilo'}
[2025-05-19 14:40:25] Supabase Response: data=[{'name': 'PAN TOSTADO CONDIS TRADICIONAL 30 UNIDADES 270 G', 'price': 1.09, 'category': 'Panes, harinas y masas', 'store_id': 'condisline', 'quantity': '4,04€/Kilo', 'id': 'f349c688-4d18-4444-a396-0bb7bbc35cfc', 'created_at': '2025-05-19T11:40:27.717363'}] count=None
[2025-05-19 14:40:25] ✅ Successfully inserted: PAN TOSTADO CONDIS TRADICIONAL 30 UNIDADES 270 G
[2025-05-19 14:40:25] Attempting to insert product: {'name': "PALITOS SNATT'S PIPAS 62 G", 'price': 1.12, 'category': 'Panes, harinas y masas', 'store_id': 'condisline', 'quantity': '18,06€/Kilo'}
[2025-05-19 14:40:26] Supabase Response: data=[{'name': "PALITOS SNATT'S PIPAS 62 G", 'price': 1.12, 'category': 'Panes, harinas y masas', 'store_id': 'condisline', 'quantity': '18,06€/Kilo', 'id': 'a7ccbe53-bd03-4db9-aed1-68daa97cd05a', 'created_at': '2025-05-19T11:40:27.954117'}] count=None
[2025-05-19 14:40:26] ✅ Successfully inserted: PALITOS SNATT'S PIPAS 62 G
[2025-05-19 14:40:26] Attempting to insert product: {'name': 'RUSTIK BAKERY HOGAZA MASA MADRE 400 G', 'price': 2.73, 'category': 'Panes, harinas y masas', 'store_id': 'condisline', 'quantity': '6,83€/Kilo'}
[2025-05-19 14:40:26] Supabase Response: data=[{'name': 'RUSTIK BAKERY HOGAZA MASA MADRE 400 G', 'price': 2.73, 'category': 'Panes, harinas y masas', 'store_id': 'condisline', 'quantity': '6,83€/Kilo', 'id': '5816386f-b3ee-435b-bd9a-93655c3a257c', 'created_at': '2025-05-19T11:40:28.190017'}] count=None
[2025-05-19 14:40:26] ✅ Successfully inserted: RUSTIK BAKERY HOGAZA MASA MADRE 400 G
[2025-05-19 14:40:26] Attempting to insert product: {'name': 'PAN CONDIS RALLADO 500 G', 'price': 0.63, 'category': 'Panes, harinas y masas', 'store_id': 'condisline', 'quantity': '1,26€/Kilo'}
[2025-05-19 14:40:26] Supabase Response: data=[{'name': 'PAN CONDIS RALLADO 500 G', 'price': 0.63, 'category': 'Panes, harinas y masas', 'store_id': 'condisline', 'quantity': '1,26€/Kilo', 'id': '3c3b95b9-6682-4b65-a04a-57c5984de0ba', 'created_at': '2025-05-19T11:40:28.40786'}] count=None
[2025-05-19 14:40:26] ✅ Successfully inserted: PAN CONDIS RALLADO 500 G
[2025-05-19 14:40:26] Attempting to insert product: {'name': 'PAN TOSTADO CONDIS INTEGRAL 30 UNIDADES 270 G', 'price': 1.09, 'category': 'Panes, harinas y masas', 'store_id': 'condisline', 'quantity': '4,04€/Kilo'}
[2025-05-19 14:40:26] Supabase Response: data=[{'name': 'PAN TOSTADO CONDIS INTEGRAL 30 UNIDADES 270 G', 'price': 1.09, 'category': 'Panes, harinas y masas', 'store_id': 'condisline', 'quantity': '4,04€/Kilo', 'id': '4afc8e28-6752-49fe-ab65-3bebeab228be', 'created_at': '2025-05-19T11:40:28.628524'}] count=None
[2025-05-19 14:40:26] ✅ Successfully inserted: PAN TOSTADO CONDIS INTEGRAL 30 UNIDADES 270 G
[2025-05-19 14:40:26] Attempting to insert product: {'name': 'PAN BIMBO REBANADA ARTESANO 500 G', 'price': 2.72, 'category': 'Panes, harinas y masas', 'store_id': 'condisline', 'quantity': '5,44€/Kilo'}
[2025-05-19 14:40:27] Supabase Response: data=[{'name': 'PAN BIMBO REBANADA ARTESANO 500 G', 'price': 2.72, 'category': 'Panes, harinas y masas', 'store_id': 'condisline', 'quantity': '5,44€/Kilo', 'id': 'd565df0b-7da8-42f3-aba2-7303b8f7fe7e', 'created_at': '2025-05-19T11:40:28.865959'}] count=None
[2025-05-19 14:40:27] ✅ Successfully inserted: PAN BIMBO REBANADA ARTESANO 500 G
[2025-05-19 14:40:27] Attempting to insert product: {'name': 'CHAPATA RECONDO REBANADAS 180 G', 'price': 2.44, 'category': 'Panes, harinas y masas', 'store_id': 'condisline', 'quantity': '13,56€/Kilo'}
[2025-05-19 14:40:27] Supabase Response: data=[{'name': 'CHAPATA RECONDO REBANADAS 180 G', 'price': 2.44, 'category': 'Panes, harinas y masas', 'store_id': 'condisline', 'quantity': '13,56€/Kilo', 'id': 'a90e98c3-e895-4b91-a637-748d86cdb99c', 'created_at': '2025-05-19T11:40:29.113332'}] count=None
[2025-05-19 14:40:27] ✅ Successfully inserted: CHAPATA RECONDO REBANADAS 180 G
[2025-05-19 14:40:27] Attempting to insert product: {'name': 'PAN MOLDE CONDIS INTEGRAL 460 G', 'price': 0.9, 'category': 'Panes, harinas y masas', 'store_id': 'condisline', 'quantity': '1,96€/Kilo'}
[2025-05-19 14:40:27] Supabase Response: data=[{'name': 'PAN MOLDE CONDIS INTEGRAL 460 G', 'price': 0.9, 'category': 'Panes, harinas y masas', 'store_id': 'condisline', 'quantity': '1,96€/Kilo', 'id': 'd885f584-82a2-4829-ad6d-887a655767e4', 'created_at': '2025-05-19T11:40:29.331076'}] count=None
[2025-05-19 14:40:27] ✅ Successfully inserted: PAN MOLDE CONDIS INTEGRAL 460 G
[2025-05-19 14:40:27] Attempting to insert product: {'name': 'ARTESANITOS LA RÚSTICA GOURMET 200 G', 'price': 1.89, 'category': 'Panes, harinas y masas', 'store_id': 'condisline', 'quantity': '9,45€/Kilo'}
[2025-05-19 14:40:27] Supabase Response: data=[{'name': 'ARTESANITOS LA RÚSTICA GOURMET 200 G', 'price': 1.89, 'category': 'Panes, harinas y masas', 'store_id': 'condisline', 'quantity': '9,45€/Kilo', 'id': '8265ce57-5140-4f2a-a08f-f861022c1bb6', 'created_at': '2025-05-19T11:40:29.644314'}] count=None
[2025-05-19 14:40:27] ✅ Successfully inserted: ARTESANITOS LA RÚSTICA GOURMET 200 G
[2025-05-19 14:40:27] Attempting to insert product: {'name': 'PICATOSTES RECONDO NATURAL 80 G', 'price': 1.4, 'category': 'Panes, harinas y masas', 'store_id': 'condisline', 'quantity': '17,50€/Kilo'}
[2025-05-19 14:40:28] Supabase Response: data=[{'name': 'PICATOSTES RECONDO NATURAL 80 G', 'price': 1.4, 'category': 'Panes, harinas y masas', 'store_id': 'condisline', 'quantity': '17,50€/Kilo', 'id': '7e57716a-a33c-4ab0-ab90-94db52ef6163', 'created_at': '2025-05-19T11:40:29.957209'}] count=None
[2025-05-19 14:40:28] ✅ Successfully inserted: PICATOSTES RECONDO NATURAL 80 G
[2025-05-19 14:40:28] Attempting to insert product: {'name': 'PAN MOLDE CONDIS BLANCO 460 G', 'price': 0.9, 'category': 'Panes, harinas y masas', 'store_id': 'condisline', 'quantity': '1,96€/Kilo'}
[2025-05-19 14:40:28] Supabase Response: data=[{'name': 'PAN MOLDE CONDIS BLANCO 460 G', 'price': 0.9, 'category': 'Panes, harinas y masas', 'store_id': 'condisline', 'quantity': '1,96€/Kilo', 'id': '828e9435-e445-45b7-951a-b8509e0860f3', 'created_at': '2025-05-19T11:40:30.265878'}] count=None
[2025-05-19 14:40:28] ✅ Successfully inserted: PAN MOLDE CONDIS BLANCO 460 G
[2025-05-19 14:40:28] Attempting to insert product: {'name': 'HARINA TRIGO GALLO EXTRA 1 KG', 'price': 1.45, 'category': 'Panes, harinas y masas', 'store_id': 'condisline', 'quantity': '1,45€/Kilo'}
[2025-05-19 14:40:28] Supabase Response: data=[{'name': 'HARINA TRIGO GALLO EXTRA 1 KG', 'price': 1.45, 'category': 'Panes, harinas y masas', 'store_id': 'condisline', 'quantity': '1,45€/Kilo', 'id': '620cbba9-84d1-40bc-82ce-0ac6da29daec', 'created_at': '2025-05-19T11:40:30.65822'}] count=None
[2025-05-19 14:40:28] ✅ Successfully inserted: HARINA TRIGO GALLO EXTRA 1 KG
[2025-05-19 14:40:28] Attempting to insert product: {'name': 'PANECILLOS QUELY QUELITAS 200 G', 'price': 1.59, 'category': 'Panes, harinas y masas', 'store_id': 'condisline', 'quantity': '7,95€/Kilo'}
[2025-05-19 14:40:29] Supabase Response: data=[{'name': 'PANECILLOS QUELY QUELITAS 200 G', 'price': 1.59, 'category': 'Panes, harinas y masas', 'store_id': 'condisline', 'quantity': '7,95€/Kilo', 'id': '3f9fbbba-ab68-4118-bacf-15d883232c99', 'created_at': '2025-05-19T11:40:30.871632'}] count=None
[2025-05-19 14:40:29] ✅ Successfully inserted: PANECILLOS QUELY QUELITAS 200 G
[2025-05-19 14:40:29] Attempting to insert product: {'name': 'PAN SAINT HONO CRISTALINO 200 G', 'price': 2.35, 'category': 'Panes, harinas y masas', 'store_id': 'condisline', 'quantity': '11,75€/Kilo'}
[2025-05-19 14:40:29] Supabase Response: data=[{'name': 'PAN SAINT HONO CRISTALINO 200 G', 'price': 2.35, 'category': 'Panes, harinas y masas', 'store_id': 'condisline', 'quantity': '11,75€/Kilo', 'id': '245816dd-874b-45ab-a6e6-bd651caf0911', 'created_at': '2025-05-19T11:40:31.104907'}] count=None
[2025-05-19 14:40:29] ✅ Successfully inserted: PAN SAINT HONO CRISTALINO 200 G
[2025-05-19 14:40:29] Attempting to insert product: {'name': 'PALITOS FINA PIPAS 90 G', 'price': 1.03, 'category': 'Panes, harinas y masas', 'store_id': 'condisline', 'quantity': '11,44€/Kilo'}
[2025-05-19 14:40:29] Supabase Response: data=[{'name': 'PALITOS FINA PIPAS 90 G', 'price': 1.03, 'category': 'Panes, harinas y masas', 'store_id': 'condisline', 'quantity': '11,44€/Kilo', 'id': '8bfb2df6-a271-44b3-856f-5188f407d0b4', 'created_at': '2025-05-19T11:40:31.369146'}] count=None
[2025-05-19 14:40:29] ✅ Successfully inserted: PALITOS FINA PIPAS 90 G
[2025-05-19 14:40:29] Attempting to insert product: {'name': 'HARINA TRIGO CONDIS 1 KG', 'price': 0.72, 'category': 'Panes, harinas y masas', 'store_id': 'condisline', 'quantity': '0,72€/Kilo'}
[2025-05-19 14:40:29] Supabase Response: data=[{'name': 'HARINA TRIGO CONDIS 1 KG', 'price': 0.72, 'category': 'Panes, harinas y masas', 'store_id': 'condisline', 'quantity': '0,72€/Kilo', 'id': '5f1ca868-ee16-407d-a908-9b59ebcb505f', 'created_at': '2025-05-19T11:40:31.588227'}] count=None
[2025-05-19 14:40:29] ✅ Successfully inserted: HARINA TRIGO CONDIS 1 KG
[2025-05-19 14:40:29] Attempting to insert product: {'name': 'RUSTIK BAKERY HOGAZA CEREAL 400 G', 'price': 2.83, 'category': 'Panes, harinas y masas', 'store_id': 'condisline', 'quantity': '7,08€/Kilo'}
[2025-05-19 14:40:30] Supabase Response: data=[{'name': 'RUSTIK BAKERY HOGAZA CEREAL 400 G', 'price': 2.83, 'category': 'Panes, harinas y masas', 'store_id': 'condisline', 'quantity': '7,08€/Kilo', 'id': 'c4ebabca-64e2-43ed-b812-b88a93896732', 'created_at': '2025-05-19T11:40:31.837203'}] count=None
[2025-05-19 14:40:30] ✅ Successfully inserted: RUSTIK BAKERY HOGAZA CEREAL 400 G
[2025-05-19 14:40:30] Attempting to insert product: {'name': 'PICATOSTES LA RÚSTICA TOSTADOS 75 G', 'price': 0.8, 'category': 'Panes, harinas y masas', 'store_id': 'condisline', 'quantity': '10,67€/Kilo'}
[2025-05-19 14:40:30] Supabase Response: data=[{'name': 'PICATOSTES LA RÚSTICA TOSTADOS 75 G', 'price': 0.8, 'category': 'Panes, harinas y masas', 'store_id': 'condisline', 'quantity': '10,67€/Kilo', 'id': 'b382454d-e8f0-4d45-baab-4028c7532b92', 'created_at': '2025-05-19T11:40:32.096746'}] count=None
[2025-05-19 14:40:30] ✅ Successfully inserted: PICATOSTES LA RÚSTICA TOSTADOS 75 G
[2025-05-19 14:40:30] Attempting to insert product: {'name': 'GRISINES LA RÚSTICA ACEITE OLIVA 50 G', 'price': 1.13, 'category': 'Panes, harinas y masas', 'store_id': 'condisline', 'quantity': '22,60€/Kilo'}
[2025-05-19 14:40:30] Supabase Response: data=[{'name': 'GRISINES LA RÚSTICA ACEITE OLIVA 50 G', 'price': 1.13, 'category': 'Panes, harinas y masas', 'store_id': 'condisline', 'quantity': '22,60€/Kilo', 'id': '6e04a8f1-db83-4a25-ae92-f94d33f25c1f', 'created_at': '2025-05-19T11:40:32.310732'}] count=None
[2025-05-19 14:40:30] ✅ Successfully inserted: GRISINES LA RÚSTICA ACEITE OLIVA 50 G
[2025-05-19 14:40:30] Attempting to insert product: {'name': 'BASES PIZZA BUITONI FINISSIMA 260 G', 'price': 1.88, 'category': 'Panes, harinas y masas', 'store_id': 'condisline', 'quantity': '7,23€/Kilo'}
[2025-05-19 14:40:30] Supabase Response: data=[{'name': 'BASES PIZZA BUITONI FINISSIMA 260 G', 'price': 1.88, 'category': 'Panes, harinas y masas', 'store_id': 'condisline', 'quantity': '7,23€/Kilo', 'id': 'aa122bd6-dea2-470c-9e7b-10170e7bcac1', 'created_at': '2025-05-19T11:40:32.598612'}] count=None
[2025-05-19 14:40:30] ✅ Successfully inserted: BASES PIZZA BUITONI FINISSIMA 260 G
[2025-05-19 14:40:30] Attempting to insert product: {'name': 'PREPARADO ROYAL PARA HORNEAR 80 G', 'price': 2.25, 'category': 'Panes, harinas y masas', 'store_id': 'condisline', 'quantity': '28,13€/Kilo'}
[2025-05-19 14:40:31] Supabase Response: data=[{'name': 'PREPARADO ROYAL PARA HORNEAR 80 G', 'price': 2.25, 'category': 'Panes, harinas y masas', 'store_id': 'condisline', 'quantity': '28,13€/Kilo', 'id': 'c78f5a03-7ff9-42c8-acc7-cdcf08d9db09', 'created_at': '2025-05-19T11:40:32.901392'}] count=None
[2025-05-19 14:40:31] ✅ Successfully inserted: PREPARADO ROYAL PARA HORNEAR 80 G
[2025-05-19 14:40:31] Attempting to insert product: {'name': 'PAN MOLDE BIMBO NATURAL INTEGRAL 360 G', 'price': 2.45, 'category': 'Panes, harinas y masas', 'store_id': 'condisline', 'quantity': '6,81€/Kilo'}
[2025-05-19 14:40:31] Supabase Response: data=[{'name': 'PAN MOLDE BIMBO NATURAL INTEGRAL 360 G', 'price': 2.45, 'category': 'Panes, harinas y masas', 'store_id': 'condisline', 'quantity': '6,81€/Kilo', 'id': 'd3b04ffb-98bf-48d9-acaa-c81d81f175c6', 'created_at': '2025-05-19T11:40:33.301762'}] count=None
[2025-05-19 14:40:31] ✅ Successfully inserted: PAN MOLDE BIMBO NATURAL INTEGRAL 360 G
[2025-05-19 14:40:31] Attempting to insert product: {'name': 'MASA BUITONI HOJALDRE RECTANGULAR 230 G', 'price': 1.99, 'category': 'Panes, harinas y masas', 'store_id': 'condisline', 'quantity': '8,65€/Kilo'}
[2025-05-19 14:40:31] Supabase Response: data=[{'name': 'MASA BUITONI HOJALDRE RECTANGULAR 230 G', 'price': 1.99, 'category': 'Panes, harinas y masas', 'store_id': 'condisline', 'quantity': '8,65€/Kilo', 'id': 'a72cb768-5f27-4a07-9478-338545d14389', 'created_at': '2025-05-19T11:40:33.594522'}] count=None
[2025-05-19 14:40:31] ✅ Successfully inserted: MASA BUITONI HOJALDRE RECTANGULAR 230 G
[2025-05-19 14:40:31] Attempting to insert product: {'name': 'GRISSINIS LA RÚSTICA MINI 170 G', 'price': 1.41, 'category': 'Panes, harinas y masas', 'store_id': 'condisline', 'quantity': '8,29€/Kilo'}
[2025-05-19 14:40:32] Supabase Response: data=[{'name': 'GRISSINIS LA RÚSTICA MINI 170 G', 'price': 1.41, 'category': 'Panes, harinas y masas', 'store_id': 'condisline', 'quantity': '8,29€/Kilo', 'id': 'cdf04e69-d168-46b2-bcdc-2c0806d1971a', 'created_at': '2025-05-19T11:40:33.936561'}] count=None
[2025-05-19 14:40:32] ✅ Successfully inserted: GRISSINIS LA RÚSTICA MINI 170 G
[2025-05-19 14:40:32] Attempting to insert product: {'name': 'PAN BIMBO SANDWICH 430 G', 'price': 1.59, 'category': 'Panes, harinas y masas', 'store_id': 'condisline', 'quantity': '3,70€/Kilo'}
[2025-05-19 14:40:32] Supabase Response: data=[{'name': 'PAN BIMBO SANDWICH 430 G', 'price': 1.59, 'category': 'Panes, harinas y masas', 'store_id': 'condisline', 'quantity': '3,70€/Kilo', 'id': '3e4fe4fe-ba43-4108-ad2e-e2a6dccb918c', 'created_at': '2025-05-19T11:40:34.243515'}] count=None
[2025-05-19 14:40:32] ✅ Successfully inserted: PAN BIMBO SANDWICH 430 G
[2025-05-19 14:40:32] Attempting to insert product: {'name': 'MASA PIZZA CONDIS REFRIGERADA 260 G', 'price': 1.13, 'category': 'Panes, harinas y masas', 'store_id': 'condisline', 'quantity': '4,35€/Kilo'}
[2025-05-19 14:40:32] Supabase Response: data=[{'name': 'MASA PIZZA CONDIS REFRIGERADA 260 G', 'price': 1.13, 'category': 'Panes, harinas y masas', 'store_id': 'condisline', 'quantity': '4,35€/Kilo', 'id': '2404aa6b-7aab-4547-8824-63f5fd302337', 'created_at': '2025-05-19T11:40:34.549183'}] count=None
[2025-05-19 14:40:32] ✅ Successfully inserted: MASA PIZZA CONDIS REFRIGERADA 260 G
[2025-05-19 14:40:32] Attempting to insert product: {'name': 'PANECILLOS CONDIS TOSTADOS INTEGRALES 225 G', 'price': 0.89, 'category': 'Panes, harinas y masas', 'store_id': 'condisline', 'quantity': '3,96€/Kilo'}
[2025-05-19 14:40:33] Supabase Response: data=[{'name': 'PANECILLOS CONDIS TOSTADOS INTEGRALES 225 G', 'price': 0.89, 'category': 'Panes, harinas y masas', 'store_id': 'condisline', 'quantity': '3,96€/Kilo', 'id': 'abc638f2-ba37-4cc7-8399-22bddb1dccb2', 'created_at': '2025-05-19T11:40:34.768773'}] count=None
[2025-05-19 14:40:33] ✅ Successfully inserted: PANECILLOS CONDIS TOSTADOS INTEGRALES 225 G
[2025-05-19 14:40:33] Attempting to insert product: {'name': 'PANECILLOS CONDIS TOSTADOS 225 G', 'price': 0.8, 'category': 'Panes, harinas y masas', 'store_id': 'condisline', 'quantity': '3,56€/Kilo'}
[2025-05-19 14:40:33] Supabase Response: data=[{'name': 'PANECILLOS CONDIS TOSTADOS 225 G', 'price': 0.8, 'category': 'Panes, harinas y masas', 'store_id': 'condisline', 'quantity': '3,56€/Kilo', 'id': '0f58d87b-e465-4894-918f-067c93e23766', 'created_at': '2025-05-19T11:40:35.054877'}] count=None
[2025-05-19 14:40:33] ✅ Successfully inserted: PANECILLOS CONDIS TOSTADOS 225 G
[2025-05-19 14:40:33] Attempting to insert product: {'name': 'PAN GALLO RALLADO 500 G', 'price': 1.35, 'category': 'Panes, harinas y masas', 'store_id': 'condisline', 'quantity': '2,70€/Kilo'}
[2025-05-19 14:40:33] Supabase Response: data=[{'name': 'PAN GALLO RALLADO 500 G', 'price': 1.35, 'category': 'Panes, harinas y masas', 'store_id': 'condisline', 'quantity': '2,70€/Kilo', 'id': '015bf5b0-b249-4cd4-b446-1364a01c5a25', 'created_at': '2025-05-19T11:40:35.274485'}] count=None
[2025-05-19 14:40:33] ✅ Successfully inserted: PAN GALLO RALLADO 500 G
[2025-05-19 14:40:33] Attempting to insert product: {'name': 'PAN OROWEAT 12 CEREALES Y SEMILLAS 550 G', 'price': 3.07, 'category': 'Panes, harinas y masas', 'store_id': 'condisline', 'quantity': '5,58€/Kilo'}
[2025-05-19 14:40:33] Supabase Response: data=[{'name': 'PAN OROWEAT 12 CEREALES Y SEMILLAS 550 G', 'price': 3.07, 'category': 'Panes, harinas y masas', 'store_id': 'condisline', 'quantity': '5,58€/Kilo', 'id': '122024d1-7c6c-4e1b-8f48-49a3fcd51095', 'created_at': '2025-05-19T11:40:35.590497'}] count=None
[2025-05-19 14:40:33] ✅ Successfully inserted: PAN OROWEAT 12 CEREALES Y SEMILLAS 550 G
[2025-05-19 14:40:33] Attempting to insert product: {'name': 'PAN HOGAZA RECONDO 9 CEREALES 240 G', 'price': 2.49, 'category': 'Panes, harinas y masas', 'store_id': 'condisline', 'quantity': '10,38€/Kilo'}
[2025-05-19 14:40:34] Supabase Response: data=[{'name': 'PAN HOGAZA RECONDO 9 CEREALES 240 G', 'price': 2.49, 'category': 'Panes, harinas y masas', 'store_id': 'condisline', 'quantity': '10,38€/Kilo', 'id': '88354af5-6192-49fc-8ccc-3c6d64794430', 'created_at': '2025-05-19T11:40:35.809144'}] count=None
[2025-05-19 14:40:34] ✅ Successfully inserted: PAN HOGAZA RECONDO 9 CEREALES 240 G
[2025-05-19 14:40:34] Attempting to insert product: {'name': 'LEVADURA LEVANOVA FRESCA 2 UNIDADES 50 G', 'price': 0.49, 'category': 'Panes, harinas y masas', 'store_id': 'condisline', 'quantity': '9,80€/Kilo'}
[2025-05-19 14:40:34] Supabase Response: data=[{'name': 'LEVADURA LEVANOVA FRESCA 2 UNIDADES 50 G', 'price': 0.49, 'category': 'Panes, harinas y masas', 'store_id': 'condisline', 'quantity': '9,80€/Kilo', 'id': 'c6e5f7e7-daa5-4469-b6c3-2d7d9c085f22', 'created_at': '2025-05-19T11:40:36.043266'}] count=None
[2025-05-19 14:40:34] ✅ Successfully inserted: LEVADURA LEVANOVA FRESCA 2 UNIDADES 50 G
[2025-05-19 14:40:34] Attempting to insert product: {'name': "PALITOS SNATT'S QUESO 56 G", 'price': 1.12, 'category': 'Panes, harinas y masas', 'store_id': 'condisline', 'quantity': '20,00€/Kilo'}
[2025-05-19 14:40:34] Supabase Response: data=[{'name': "PALITOS SNATT'S QUESO 56 G", 'price': 1.12, 'category': 'Panes, harinas y masas', 'store_id': 'condisline', 'quantity': '20,00€/Kilo', 'id': 'c5e1009e-7d7d-473e-bdd9-ec97658a0779', 'created_at': '2025-05-19T11:40:36.287756'}] count=None
[2025-05-19 14:40:34] ✅ Successfully inserted: PALITOS SNATT'S QUESO 56 G
[2025-05-19 14:40:34] Attempting to insert product: {'name': 'BOCATAS CONDIS BURGER 4 UNIDADES 300 G', 'price': 0.94, 'category': 'Panes, harinas y masas', 'store_id': 'condisline', 'quantity': '3,13€/Kilo'}
[2025-05-19 14:40:34] Supabase Response: data=[{'name': 'BOCATAS CONDIS BURGER 4 UNIDADES 300 G', 'price': 0.94, 'category': 'Panes, harinas y masas', 'store_id': 'condisline', 'quantity': '3,13€/Kilo', 'id': '3804e380-0947-406e-b919-c7d57aa20c9f', 'created_at': '2025-05-19T11:40:36.596291'}] count=None
[2025-05-19 14:40:34] ✅ Successfully inserted: BOCATAS CONDIS BURGER 4 UNIDADES 300 G
[2025-05-19 14:40:34] Attempting to insert product: {'name': 'OBLEAS BUITONI 16 UNIDADES 160 G', 'price': 1.18, 'category': 'Panes, harinas y masas', 'store_id': 'condisline', 'quantity': '7,38€/Kilo'}
[2025-05-19 14:40:35] Supabase Response: data=[{'name': 'OBLEAS BUITONI 16 UNIDADES 160 G', 'price': 1.18, 'category': 'Panes, harinas y masas', 'store_id': 'condisline', 'quantity': '7,38€/Kilo', 'id': '344da4eb-b2a0-43ae-96da-1069b9f6cb3d', 'created_at': '2025-05-19T11:40:36.825491'}] count=None
[2025-05-19 14:40:35] ✅ Successfully inserted: OBLEAS BUITONI 16 UNIDADES 160 G
[2025-05-19 14:40:35] Attempting to insert product: {'name': 'PAN DE MOLDE CONDIS SIN CORTEZA INTEGRAL 450 G', 'price': 1.32, 'category': 'Panes, harinas y masas', 'store_id': 'condisline', 'quantity': '2,93€/Kilo'}
[2025-05-19 14:40:35] Supabase Response: data=[{'name': 'PAN DE MOLDE CONDIS SIN CORTEZA INTEGRAL 450 G', 'price': 1.32, 'category': 'Panes, harinas y masas', 'store_id': 'condisline', 'quantity': '2,93€/Kilo', 'id': '0dd64844-20fa-4bbc-a1d5-82b09151135b', 'created_at': '2025-05-19T11:40:37.045181'}] count=None
[2025-05-19 14:40:35] ✅ Successfully inserted: PAN DE MOLDE CONDIS SIN CORTEZA INTEGRAL 450 G
[2025-05-19 14:40:35] Attempting to insert product: {'name': 'PAN BRASA ORTIZ TRADICIONAL 36 UNIDADES', 'price': 2.65, 'category': 'Panes, harinas y masas', 'store_id': 'condisline', 'quantity': '8,28€/Kilo'}
[2025-05-19 14:40:35] Supabase Response: data=[{'name': 'PAN BRASA ORTIZ TRADICIONAL 36 UNIDADES', 'price': 2.65, 'category': 'Panes, harinas y masas', 'store_id': 'condisline', 'quantity': '8,28€/Kilo', 'id': '5951e920-d131-4a9b-9abd-65e415037ec0', 'created_at': '2025-05-19T11:40:37.308265'}] count=None
[2025-05-19 14:40:35] ✅ Successfully inserted: PAN BRASA ORTIZ TRADICIONAL 36 UNIDADES
[2025-05-19 14:40:35] Attempting to insert product: {'name': 'MINI TOSTAS ORTIZ 100 G', 'price': 1.89, 'category': 'Panes, harinas y masas', 'store_id': 'condisline', 'quantity': '18,90€/Kilo'}
[2025-05-19 14:40:35] Supabase Response: data=[{'name': 'MINI TOSTAS ORTIZ 100 G', 'price': 1.89, 'category': 'Panes, harinas y masas', 'store_id': 'condisline', 'quantity': '18,90€/Kilo', 'id': 'e187951a-2dab-4a77-bf03-2aacd242bd3b', 'created_at': '2025-05-19T11:40:37.553842'}] count=None
[2025-05-19 14:40:35] ✅ Successfully inserted: MINI TOSTAS ORTIZ 100 G
[2025-05-19 14:40:35] Attempting to insert product: {'name': 'BAGELS BIMBO CLÁSICO 300 G', 'price': 2.44, 'category': 'Panes, harinas y masas', 'store_id': 'condisline', 'quantity': '8,13€/Kilo'}
[2025-05-19 14:40:35] Supabase Response: data=[{'name': 'BAGELS BIMBO CLÁSICO 300 G', 'price': 2.44, 'category': 'Panes, harinas y masas', 'store_id': 'condisline', 'quantity': '8,13€/Kilo', 'id': 'ca9f6075-65b3-4910-956f-ccc66f1f2817', 'created_at': '2025-05-19T11:40:37.776146'}] count=None
[2025-05-19 14:40:35] ✅ Successfully inserted: BAGELS BIMBO CLÁSICO 300 G
[2025-05-19 14:40:35] Attempting to insert product: {'name': 'BASE CASA TARRADELLAS PIZZA 260 G', 'price': 1.37, 'category': 'Panes, harinas y masas', 'store_id': 'condisline', 'quantity': '5,27€/Kilo'}
[2025-05-19 14:40:36] Supabase Response: data=[{'name': 'BASE CASA TARRADELLAS PIZZA 260 G', 'price': 1.37, 'category': 'Panes, harinas y masas', 'store_id': 'condisline', 'quantity': '5,27€/Kilo', 'id': '368fe503-43a9-450d-898f-4a6c9cd8ce13', 'created_at': '2025-05-19T11:40:38.05065'}] count=None
[2025-05-19 14:40:36] ✅ Successfully inserted: BASE CASA TARRADELLAS PIZZA 260 G
[2025-05-19 14:40:36] Attempting to insert product: {'name': 'PAN MOLDE BIMBO NATURAL BLANCO 360 G', 'price': 2.19, 'category': 'Panes, harinas y masas', 'store_id': 'condisline', 'quantity': '6,08€/Kilo'}
[2025-05-19 14:40:36] Supabase Response: data=[{'name': 'PAN MOLDE BIMBO NATURAL BLANCO 360 G', 'price': 2.19, 'category': 'Panes, harinas y masas', 'store_id': 'condisline', 'quantity': '6,08€/Kilo', 'id': 'df34a10a-2eb1-46ab-9b5d-9091d59b9fc8', 'created_at': '2025-05-19T11:40:38.288048'}] count=None
[2025-05-19 14:40:36] ✅ Successfully inserted: PAN MOLDE BIMBO NATURAL BLANCO 360 G
[2025-05-19 14:40:36] Attempting to insert product: {'name': 'PAN OROWEAT PIPAS GIRASOL Y CALABAZA 550 G', 'price': 3.19, 'category': 'Panes, harinas y masas', 'store_id': 'condisline', 'quantity': '5,80€/Kilo'}
[2025-05-19 14:40:36] Supabase Response: data=[{'name': 'PAN OROWEAT PIPAS GIRASOL Y CALABAZA 550 G', 'price': 3.19, 'category': 'Panes, harinas y masas', 'store_id': 'condisline', 'quantity': '5,80€/Kilo', 'id': 'fdd83492-b099-4222-9ce4-0201c8997f90', 'created_at': '2025-05-19T11:40:38.538169'}] count=None
[2025-05-19 14:40:36] ✅ Successfully inserted: PAN OROWEAT PIPAS GIRASOL Y CALABAZA 550 G
[2025-05-19 14:40:36] Attempting to insert product: {'name': 'ARTESANITOS LA RÚSTICA 250 G', 'price': 1.05, 'category': 'Panes, harinas y masas', 'store_id': 'condisline', 'quantity': '4,20€/Kilo'}
[2025-05-19 14:40:37] Supabase Response: data=[{'name': 'ARTESANITOS LA RÚSTICA 250 G', 'price': 1.05, 'category': 'Panes, harinas y masas', 'store_id': 'condisline', 'quantity': '4,20€/Kilo', 'id': 'a48334bd-e44f-4171-bbc7-2d9d24328cf1', 'created_at': '2025-05-19T11:40:38.847516'}] count=None
[2025-05-19 14:40:37] ✅ Successfully inserted: ARTESANITOS LA RÚSTICA 250 G
[2025-05-19 14:40:37] Attempting to insert product: {'name': 'BOCATAS CONDIS HOT DOG 6 UNIDADES 330 G', 'price': 0.94, 'category': 'Panes, harinas y masas', 'store_id': 'condisline', 'quantity': '2,85€/Kilo'}
[2025-05-19 14:40:37] Supabase Response: data=[{'name': 'BOCATAS CONDIS HOT DOG 6 UNIDADES 330 G', 'price': 0.94, 'category': 'Panes, harinas y masas', 'store_id': 'condisline', 'quantity': '2,85€/Kilo', 'id': '0cc89ca8-100a-4937-9f88-6eea54ae66c6', 'created_at': '2025-05-19T11:40:39.157132'}] count=None
[2025-05-19 14:40:37] ✅ Successfully inserted: BOCATAS CONDIS HOT DOG 6 UNIDADES 330 G
[2025-05-19 14:40:37] Attempting to insert product: {'name': 'PAN BRASA ORTIZ INTEGRAL 36 UNIDADES', 'price': 2.65, 'category': 'Panes, harinas y masas', 'store_id': 'condisline', 'quantity': '8,28€/Kilo'}
[2025-05-19 14:40:37] Supabase Response: data=[{'name': 'PAN BRASA ORTIZ INTEGRAL 36 UNIDADES', 'price': 2.65, 'category': 'Panes, harinas y masas', 'store_id': 'condisline', 'quantity': '8,28€/Kilo', 'id': '5c631898-ba41-47bd-aa54-ed8041e6bfd0', 'created_at': '2025-05-19T11:40:39.460751'}] count=None
[2025-05-19 14:40:37] ✅ Successfully inserted: PAN BRASA ORTIZ INTEGRAL 36 UNIDADES
[2025-05-19 14:40:37] Attempting to insert product: {'name': 'PICATOSTES LA RÚSTICA OLIVAS 100 G', 'price': 1.41, 'category': 'Panes, harinas y masas', 'store_id': 'condisline', 'quantity': '14,10€/Kilo'}
[2025-05-19 14:40:37] Supabase Response: data=[{'name': 'PICATOSTES LA RÚSTICA OLIVAS 100 G', 'price': 1.41, 'category': 'Panes, harinas y masas', 'store_id': 'condisline', 'quantity': '14,10€/Kilo', 'id': 'cd239bcb-3342-4941-9f30-694b9732926a', 'created_at': '2025-05-19T11:40:39.762085'}] count=None
[2025-05-19 14:40:37] ✅ Successfully inserted: PICATOSTES LA RÚSTICA OLIVAS 100 G
[2025-05-19 14:40:37] Attempting to insert product: {'name': 'MASA HOJALDRE CONDIS RECTANGULAR 230 G', 'price': 1.2, 'category': 'Panes, harinas y masas', 'store_id': 'condisline', 'quantity': '5,22€/Kilo'}
[2025-05-19 14:40:38] Supabase Response: data=[{'name': 'MASA HOJALDRE CONDIS RECTANGULAR 230 G', 'price': 1.2, 'category': 'Panes, harinas y masas', 'store_id': 'condisline', 'quantity': '5,22€/Kilo', 'id': 'ab40dab9-ab31-4f58-a87e-4cba50304321', 'created_at': '2025-05-19T11:40:39.992962'}] count=None
[2025-05-19 14:40:38] ✅ Successfully inserted: MASA HOJALDRE CONDIS RECTANGULAR 230 G
[2025-05-19 14:40:38] Attempting to insert product: {'name': 'PAN RÚSTICO LA RÚSTICA DE CENTENO 140 G', 'price': 1.37, 'category': 'Panes, harinas y masas', 'store_id': 'condisline', 'quantity': '9,79€/Kilo'}
[2025-05-19 14:40:38] Supabase Response: data=[{'name': 'PAN RÚSTICO LA RÚSTICA DE CENTENO 140 G', 'price': 1.37, 'category': 'Panes, harinas y masas', 'store_id': 'condisline', 'quantity': '9,79€/Kilo', 'id': '8394c525-9429-4cc4-8157-80c7a5ecf88f', 'created_at': '2025-05-19T11:40:40.282319'}] count=None
[2025-05-19 14:40:38] ✅ Successfully inserted: PAN RÚSTICO LA RÚSTICA DE CENTENO 140 G
[2025-05-19 14:40:38] Attempting to insert product: {'name': 'PAN BRASA ORTIZ MULTICEREALES 36 UNIDADES', 'price': 2.65, 'category': 'Panes, harinas y masas', 'store_id': 'condisline', 'quantity': '8,28€/Kilo'}
[2025-05-19 14:40:38] Supabase Response: data=[{'name': 'PAN BRASA ORTIZ MULTICEREALES 36 UNIDADES', 'price': 2.65, 'category': 'Panes, harinas y masas', 'store_id': 'condisline', 'quantity': '8,28€/Kilo', 'id': 'd8e67cfd-951f-4c07-bda4-a682b1a7d0ae', 'created_at': '2025-05-19T11:40:40.610613'}] count=None
[2025-05-19 14:40:38] ✅ Successfully inserted: PAN BRASA ORTIZ MULTICEREALES 36 UNIDADES
[2025-05-19 14:40:38] Attempting to insert product: {'name': 'PAN PUEBLO MONTESLARA  500 G', 'price': 1.95, 'category': 'Panes, harinas y masas', 'store_id': 'condisline', 'quantity': '3,90€/Kilo'}
[2025-05-19 14:40:39] Supabase Response: data=[{'name': 'PAN PUEBLO MONTESLARA  500 G', 'price': 1.95, 'category': 'Panes, harinas y masas', 'store_id': 'condisline', 'quantity': '3,90€/Kilo', 'id': 'b4f5f202-eb66-481f-9ac1-81d1c1122923', 'created_at': '2025-05-19T11:40:40.995676'}] count=None
[2025-05-19 14:40:39] ✅ Successfully inserted: PAN PUEBLO MONTESLARA  500 G
[2025-05-19 14:40:39] Attempting to insert product: {'name': 'BOCADITOS LA RÚSTICA PAN CRISTAL 130 G', 'price': 1.45, 'category': 'Panes, harinas y masas', 'store_id': 'condisline', 'quantity': '11,15€/Kilo'}
[2025-05-19 14:40:39] Supabase Response: data=[{'name': 'BOCADITOS LA RÚSTICA PAN CRISTAL 130 G', 'price': 1.45, 'category': 'Panes, harinas y masas', 'store_id': 'condisline', 'quantity': '11,15€/Kilo', 'id': '4c73edb6-68f9-492c-9872-723c54634e0e', 'created_at': '2025-05-19T11:40:41.24054'}] count=None
[2025-05-19 14:40:39] ✅ Successfully inserted: BOCADITOS LA RÚSTICA PAN CRISTAL 130 G
[2025-05-19 14:40:39] Attempting to insert product: {'name': 'BAGUETTE MONTESLARA VIENA 2 UNIDADES 170 G', 'price': 2.09, 'category': 'Panes, harinas y masas', 'store_id': 'condisline', 'quantity': '12,29€/Kilo'}
[2025-05-19 14:40:39] Supabase Response: data=[{'name': 'BAGUETTE MONTESLARA VIENA 2 UNIDADES 170 G', 'price': 2.09, 'category': 'Panes, harinas y masas', 'store_id': 'condisline', 'quantity': '12,29€/Kilo', 'id': 'bbc0c8c1-c8b1-474d-9351-c9ebb3aee5f9', 'created_at': '2025-05-19T11:40:41.50421'}] count=None
[2025-05-19 14:40:39] ✅ Successfully inserted: BAGUETTE MONTESLARA VIENA 2 UNIDADES 170 G
[2025-05-19 14:40:39] Attempting to insert product: {'name': "PALITOS SNATT'S OLIVAS Y SÉSAMO 60 G", 'price': 1.12, 'category': 'Panes, harinas y masas', 'store_id': 'condisline', 'quantity': '18,67€/Kilo'}
[2025-05-19 14:40:39] Supabase Response: data=[{'name': "PALITOS SNATT'S OLIVAS Y SÉSAMO 60 G", 'price': 1.12, 'category': 'Panes, harinas y masas', 'store_id': 'condisline', 'quantity': '18,67€/Kilo', 'id': 'faa303b8-1f5f-4356-a199-96fd5a64071e', 'created_at': '2025-05-19T11:40:41.741349'}] count=None
[2025-05-19 14:40:39] ✅ Successfully inserted: PALITOS SNATT'S OLIVAS Y SÉSAMO 60 G
[2025-05-19 14:40:39] Attempting to insert product: {'name': 'GRISINES LA RÚSTICA INTEGRALES 50 G', 'price': 1.03, 'category': 'Panes, harinas y masas', 'store_id': 'condisline', 'quantity': '20,60€/Kilo'}
[2025-05-19 14:40:40] Supabase Response: data=[{'name': 'GRISINES LA RÚSTICA INTEGRALES 50 G', 'price': 1.03, 'category': 'Panes, harinas y masas', 'store_id': 'condisline', 'quantity': '20,60€/Kilo', 'id': '4e9ccb9e-fdad-4536-810a-2285da28ea6b', 'created_at': '2025-05-19T11:40:42.028692'}] count=None
[2025-05-19 14:40:40] ✅ Successfully inserted: GRISINES LA RÚSTICA INTEGRALES 50 G
[2025-05-19 14:40:40] Attempting to insert product: {'name': 'BOCATAS BIMBO MAXI BURGER 4 UNIDADES', 'price': 2.16, 'category': 'Panes, harinas y masas', 'store_id': 'condisline', 'quantity': '7,45€/Kilo'}
[2025-05-19 14:40:40] Supabase Response: data=[{'name': 'BOCATAS BIMBO MAXI BURGER 4 UNIDADES', 'price': 2.16, 'category': 'Panes, harinas y masas', 'store_id': 'condisline', 'quantity': '7,45€/Kilo', 'id': '7932a218-e30e-49a8-a5a8-416826ab2180', 'created_at': '2025-05-19T11:40:42.248049'}] count=None
[2025-05-19 14:40:40] ✅ Successfully inserted: BOCATAS BIMBO MAXI BURGER 4 UNIDADES
[2025-05-19 14:40:40] Attempting to insert product: {'name': 'HARINA GALLO REPOSTERÍA 1 KG', 'price': 1.69, 'category': 'Panes, harinas y masas', 'store_id': 'condisline', 'quantity': '1,69€/Kilo'}
[2025-05-19 14:40:40] Supabase Response: data=[{'name': 'HARINA GALLO REPOSTERÍA 1 KG', 'price': 1.69, 'category': 'Panes, harinas y masas', 'store_id': 'condisline', 'quantity': '1,69€/Kilo', 'id': 'c0b12fd7-368e-4214-b0c6-e5e2c4aac45c', 'created_at': '2025-05-19T11:40:42.550555'}] count=None
[2025-05-19 14:40:40] ✅ Successfully inserted: HARINA GALLO REPOSTERÍA 1 KG
[2025-05-19 14:40:40] Attempting to insert product: {'name': 'DIMANTES LA RÚSTICA DE ESPELTA 130 G', 'price': 1.37, 'category': 'Panes, harinas y masas', 'store_id': 'condisline', 'quantity': '10,54€/Kilo'}
[2025-05-19 14:40:41] Supabase Response: data=[{'name': 'DIMANTES LA RÚSTICA DE ESPELTA 130 G', 'price': 1.37, 'category': 'Panes, harinas y masas', 'store_id': 'condisline', 'quantity': '10,54€/Kilo', 'id': '75a21933-7147-4821-966a-72a790bf2454', 'created_at': '2025-05-19T11:40:42.85414'}] count=None
[2025-05-19 14:40:41] ✅ Successfully inserted: DIMANTES LA RÚSTICA DE ESPELTA 130 G
[2025-05-19 14:40:41] Attempting to insert product: {'name': 'PAN MOLDE SILUETA 8 CEREALES 600 G', 'price': 2.73, 'category': 'Panes, harinas y masas', 'store_id': 'condisline', 'quantity': '4,55€/Kilo'}
[2025-05-19 14:40:41] Supabase Response: data=[{'name': 'PAN MOLDE SILUETA 8 CEREALES 600 G', 'price': 2.73, 'category': 'Panes, harinas y masas', 'store_id': 'condisline', 'quantity': '4,55€/Kilo', 'id': '6e7fcb21-9bd3-4845-9265-68e1e3931ad9', 'created_at': '2025-05-19T11:40:43.250227'}] count=None
[2025-05-19 14:40:41] ✅ Successfully inserted: PAN MOLDE SILUETA 8 CEREALES 600 G
[2025-05-19 14:40:41] Attempting to insert product: {'name': 'PAN TOSTADO FINA AJO & PEREJIL 160 G', 'price': 1.0, 'category': 'Panes, harinas y masas', 'store_id': 'condisline', 'quantity': '6,25€/Kilo'}
[2025-05-19 14:40:41] Supabase Response: data=[{'name': 'PAN TOSTADO FINA AJO & PEREJIL 160 G', 'price': 1.0, 'category': 'Panes, harinas y masas', 'store_id': 'condisline', 'quantity': '6,25€/Kilo', 'id': 'ee299ce1-b2f4-4f1f-aee2-2916c853090b', 'created_at': '2025-05-19T11:40:43.561425'}] count=None
[2025-05-19 14:40:41] ✅ Successfully inserted: PAN TOSTADO FINA AJO & PEREJIL 160 G
[2025-05-19 14:40:41] Attempting to insert product: {'name': 'SURTIDO MIX LA RÚSTICA 250 G', 'price': 1.25, 'category': 'Panes, harinas y masas', 'store_id': 'condisline', 'quantity': '5,00€/Kilo'}
[2025-05-19 14:40:42] Supabase Response: data=[{'name': 'SURTIDO MIX LA RÚSTICA 250 G', 'price': 1.25, 'category': 'Panes, harinas y masas', 'store_id': 'condisline', 'quantity': '5,00€/Kilo', 'id': '0dd40c06-ec38-4c0c-ae24-9170f925e15b', 'created_at': '2025-05-19T11:40:43.942239'}] count=None
[2025-05-19 14:40:42] ✅ Successfully inserted: SURTIDO MIX LA RÚSTICA 250 G
[2025-05-19 14:40:42] Attempting to insert product: {'name': 'MINI TOSTAS ORTIZ ARÁNDANOS 100 G', 'price': 1.88, 'category': 'Panes, harinas y masas', 'store_id': 'condisline', 'quantity': '18,80€/Kilo'}
[2025-05-19 14:40:42] Supabase Response: data=[{'name': 'MINI TOSTAS ORTIZ ARÁNDANOS 100 G', 'price': 1.88, 'category': 'Panes, harinas y masas', 'store_id': 'condisline', 'quantity': '18,80€/Kilo', 'id': 'f4132171-234a-4c61-afcd-ff0b69661637', 'created_at': '2025-05-19T11:40:44.288542'}] count=None
[2025-05-19 14:40:42] ✅ Successfully inserted: MINI TOSTAS ORTIZ ARÁNDANOS 100 G
[2025-05-19 14:40:42] Attempting to insert product: {'name': 'OBLEA BUITONI ARGENTINA 350 G', 'price': 2.32, 'category': 'Panes, harinas y masas', 'store_id': 'condisline', 'quantity': '6,63€/Kilo'}
[2025-05-19 14:40:42] Supabase Response: data=[{'name': 'OBLEA BUITONI ARGENTINA 350 G', 'price': 2.32, 'category': 'Panes, harinas y masas', 'store_id': 'condisline', 'quantity': '6,63€/Kilo', 'id': 'c55d64b1-0196-40c5-834f-e333ae4a81ca', 'created_at': '2025-05-19T11:40:44.544173'}] count=None
[2025-05-19 14:40:42] ✅ Successfully inserted: OBLEA BUITONI ARGENTINA 350 G
[2025-05-19 14:40:42] Attempting to insert product: {'name': 'MASA BUITONI PARA EMPANADA 280 G', 'price': 2.89, 'category': 'Panes, harinas y masas', 'store_id': 'condisline', 'quantity': '10,32€/Kilo'}
[2025-05-19 14:40:43] Supabase Response: data=[{'name': 'MASA BUITONI PARA EMPANADA 280 G', 'price': 2.89, 'category': 'Panes, harinas y masas', 'store_id': 'condisline', 'quantity': '10,32€/Kilo', 'id': '923474f0-8fa4-4d5c-a974-39f00a31d370', 'created_at': '2025-05-19T11:40:44.776311'}] count=None
[2025-05-19 14:40:43] ✅ Successfully inserted: MASA BUITONI PARA EMPANADA 280 G
[2025-05-19 14:40:43] Attempting to insert product: {'name': 'HARINA MAIZENA DE MAIZ 400 G', 'price': 2.99, 'category': 'Panes, harinas y masas', 'store_id': 'condisline', 'quantity': '7,48€/Kilo'}
[2025-05-19 14:40:43] Supabase Response: data=[{'name': 'HARINA MAIZENA DE MAIZ 400 G', 'price': 2.99, 'category': 'Panes, harinas y masas', 'store_id': 'condisline', 'quantity': '7,48€/Kilo', 'id': '55441cd5-c745-4b43-932e-1e8a754be616', 'created_at': '2025-05-19T11:40:45.093307'}] count=None
[2025-05-19 14:40:43] ✅ Successfully inserted: HARINA MAIZENA DE MAIZ 400 G
[2025-05-19 14:40:43] Attempting to insert product: {'name': 'BURGER BIMBO ARTESANO ORIGINAL 290 G', 'price': 2.34, 'category': 'Panes, harinas y masas', 'store_id': 'condisline', 'quantity': '8,07€/Kilo'}
[2025-05-19 14:40:43] Supabase Response: data=[{'name': 'BURGER BIMBO ARTESANO ORIGINAL 290 G', 'price': 2.34, 'category': 'Panes, harinas y masas', 'store_id': 'condisline', 'quantity': '8,07€/Kilo', 'id': '73df01a9-1743-494a-bb48-cd48168416d0', 'created_at': '2025-05-19T11:40:45.34079'}] count=None
[2025-05-19 14:40:43] ✅ Successfully inserted: BURGER BIMBO ARTESANO ORIGINAL 290 G
[2025-05-19 14:40:43] Attempting to insert product: {'name': 'PAN BISCOTTES RECONDO MINI 120 G', 'price': 1.3, 'category': 'Panes, harinas y masas', 'store_id': 'condisline', 'quantity': '10,83€/Kilo'}
[2025-05-19 14:40:43] Supabase Response: data=[{'name': 'PAN BISCOTTES RECONDO MINI 120 G', 'price': 1.3, 'category': 'Panes, harinas y masas', 'store_id': 'condisline', 'quantity': '10,83€/Kilo', 'id': 'dc555de9-f425-464d-9d0d-6661cbaae3ee', 'created_at': '2025-05-19T11:40:45.603312'}] count=None
[2025-05-19 14:40:43] ✅ Successfully inserted: PAN BISCOTTES RECONDO MINI 120 G
[2025-05-19 14:40:43] Attempting to insert product: {'name': 'BRIOCHE MONTES LAR BURGER 200 G', 'price': 2.95, 'category': 'Panes, harinas y masas', 'store_id': 'condisline', 'quantity': '14,75€/Kilo'}
[2025-05-19 14:40:44] Supabase Response: data=[{'name': 'BRIOCHE MONTES LAR BURGER 200 G', 'price': 2.95, 'category': 'Panes, harinas y masas', 'store_id': 'condisline', 'quantity': '14,75€/Kilo', 'id': 'dff00bb6-2da1-4d30-909d-1bcabb95725a', 'created_at': '2025-05-19T11:40:45.852132'}] count=None
[2025-05-19 14:40:44] ✅ Successfully inserted: BRIOCHE MONTES LAR BURGER 200 G
[2025-05-19 14:40:44] Attempting to insert product: {'name': 'HARINA HARIMSA FUERZA 1 KG', 'price': 1.79, 'category': 'Panes, harinas y masas', 'store_id': 'condisline', 'quantity': '1,79€/Kilo'}
[2025-05-19 14:40:44] Supabase Response: data=[{'name': 'HARINA HARIMSA FUERZA 1 KG', 'price': 1.79, 'category': 'Panes, harinas y masas', 'store_id': 'condisline', 'quantity': '1,79€/Kilo', 'id': '08d51718-91cd-4985-8ade-cbb535978d55', 'created_at': '2025-05-19T11:40:46.115233'}] count=None
[2025-05-19 14:40:44] ✅ Successfully inserted: HARINA HARIMSA FUERZA 1 KG
[2025-05-19 14:40:44] Attempting to insert product: {'name': 'BOCATAS BIMBO HOT DOG 4 UNIDADES', 'price': 1.59, 'category': 'Panes, harinas y masas', 'store_id': 'condisline', 'quantity': '7,23€/Kilo'}
[2025-05-19 14:40:44] Supabase Response: data=[{'name': 'BOCATAS BIMBO HOT DOG 4 UNIDADES', 'price': 1.59, 'category': 'Panes, harinas y masas', 'store_id': 'condisline', 'quantity': '7,23€/Kilo', 'id': '6843ca90-cde0-4ea1-aca8-4423847eb729', 'created_at': '2025-05-19T11:40:46.3433'}] count=None
[2025-05-19 14:40:44] ✅ Successfully inserted: BOCATAS BIMBO HOT DOG 4 UNIDADES
[2025-05-19 14:40:44] Attempting to insert product: {'name': 'MASA CASA TARRADELLAS HOJALDRE 260 G', 'price': 1.45, 'category': 'Panes, harinas y masas', 'store_id': 'condisline', 'quantity': '5,58€/Kilo'}
[2025-05-19 14:40:44] Supabase Response: data=[{'name': 'MASA CASA TARRADELLAS HOJALDRE 260 G', 'price': 1.45, 'category': 'Panes, harinas y masas', 'store_id': 'condisline', 'quantity': '5,58€/Kilo', 'id': 'ea698b77-cc5f-4308-ac2e-c9eefcf34cf0', 'created_at': '2025-05-19T11:40:46.629841'}] count=None
[2025-05-19 14:40:44] ✅ Successfully inserted: MASA CASA TARRADELLAS HOJALDRE 260 G
[2025-05-19 14:40:44] Attempting to insert product: {'name': 'PAN BIMBO ARTESANAL INTEGRAL 550 G', 'price': 2.81, 'category': 'Panes, harinas y masas', 'store_id': 'condisline', 'quantity': '5,62€/Kilo'}
[2025-05-19 14:40:45] Supabase Response: data=[{'name': 'PAN BIMBO ARTESANAL INTEGRAL 550 G', 'price': 2.81, 'category': 'Panes, harinas y masas', 'store_id': 'condisline', 'quantity': '5,62€/Kilo', 'id': '3f6ffefe-2027-4bf8-a492-1c730a8a08be', 'created_at': '2025-05-19T11:40:46.93657'}] count=None
[2025-05-19 14:40:45] ✅ Successfully inserted: PAN BIMBO ARTESANAL INTEGRAL 550 G
[2025-05-19 14:40:45] Attempting to insert product: {'name': 'PAN TOSTADO FINA TOMATE & ORÉGANO 160 G', 'price': 1.0, 'category': 'Panes, harinas y masas', 'store_id': 'condisline', 'quantity': '6,25€/Kilo'}
[2025-05-19 14:40:45] Supabase Response: data=[{'name': 'PAN TOSTADO FINA TOMATE & ORÉGANO 160 G', 'price': 1.0, 'category': 'Panes, harinas y masas', 'store_id': 'condisline', 'quantity': '6,25€/Kilo', 'id': '29972453-050a-4900-b3b6-0e50a685084a', 'created_at': '2025-05-19T11:40:47.263316'}] count=None
[2025-05-19 14:40:45] ✅ Successfully inserted: PAN TOSTADO FINA TOMATE & ORÉGANO 160 G
[2025-05-19 14:40:45] Attempting to insert product: {'name': 'RAPIDITAS BIMBO WRAPS 6 UNIDADES', 'price': 2.17, 'category': 'Panes, harinas y masas', 'store_id': 'condisline', 'quantity': '9,04€/Kilo'}
[2025-05-19 14:40:45] Supabase Response: data=[{'name': 'RAPIDITAS BIMBO WRAPS 6 UNIDADES', 'price': 2.17, 'category': 'Panes, harinas y masas', 'store_id': 'condisline', 'quantity': '9,04€/Kilo', 'id': 'cf2bc658-43c7-43a1-9cee-7a967be523a7', 'created_at': '2025-05-19T11:40:47.556573'}] count=None
[2025-05-19 14:40:45] ✅ Successfully inserted: RAPIDITAS BIMBO WRAPS 6 UNIDADES
[2025-05-19 14:40:45] Attempting to insert product: {'name': 'HOJALDRE BUITONI REDONDO 230 G', 'price': 1.99, 'category': 'Panes, harinas y masas', 'store_id': 'condisline', 'quantity': '8,65€/Kilo'}
[2025-05-19 14:40:46] Supabase Response: data=[{'name': 'HOJALDRE BUITONI REDONDO 230 G', 'price': 1.99, 'category': 'Panes, harinas y masas', 'store_id': 'condisline', 'quantity': '8,65€/Kilo', 'id': 'ec4729d9-67dc-46a5-b300-295b034e4eab', 'created_at': '2025-05-19T11:40:47.858484'}] count=None
[2025-05-19 14:40:46] ✅ Successfully inserted: HOJALDRE BUITONI REDONDO 230 G
[2025-05-19 14:40:46] Attempting to insert product: {'name': 'MASA TARRADELLA EMPANADA 230 G', 'price': 1.45, 'category': 'Panes, harinas y masas', 'store_id': 'condisline', 'quantity': '6,30€/Kilo'}
[2025-05-19 14:40:46] Supabase Response: data=[{'name': 'MASA TARRADELLA EMPANADA 230 G', 'price': 1.45, 'category': 'Panes, harinas y masas', 'store_id': 'condisline', 'quantity': '6,30€/Kilo', 'id': 'd98af3e3-280e-4244-a8d1-41321f7651d8', 'created_at': '2025-05-19T11:40:48.182772'}] count=None
[2025-05-19 14:40:46] ✅ Successfully inserted: MASA TARRADELLA EMPANADA 230 G
[2025-05-19 14:40:46] Attempting to insert product: {'name': 'MASA TARRADELLAS HOJALDRE MANTEQUILLA 260 G', 'price': 1.95, 'category': 'Panes, harinas y masas', 'store_id': 'condisline', 'quantity': '7,50€/Kilo'}
[2025-05-19 14:40:46] Supabase Response: data=[{'name': 'MASA TARRADELLAS HOJALDRE MANTEQUILLA 260 G', 'price': 1.95, 'category': 'Panes, harinas y masas', 'store_id': 'condisline', 'quantity': '7,50€/Kilo', 'id': 'c3303b94-b269-4571-b85e-845617ffa72a', 'created_at': '2025-05-19T11:40:48.490814'}] count=None
[2025-05-19 14:40:46] ✅ Successfully inserted: MASA TARRADELLAS HOJALDRE MANTEQUILLA 260 G
[2025-05-19 14:40:46] Attempting to insert product: {'name': 'LEVADURA ROYAL PANADERIA 5 UNIDADES', 'price': 2.25, 'category': 'Panes, harinas y masas', 'store_id': 'condisline', 'quantity': '81,82€/Kilo'}
[2025-05-19 14:40:47] Supabase Response: data=[{'name': 'LEVADURA ROYAL PANADERIA 5 UNIDADES', 'price': 2.25, 'category': 'Panes, harinas y masas', 'store_id': 'condisline', 'quantity': '81,82€/Kilo', 'id': '9df6f337-eca7-41c0-84f4-aa66a1680b33', 'created_at': '2025-05-19T11:40:48.80655'}] count=None
[2025-05-19 14:40:47] ✅ Successfully inserted: LEVADURA ROYAL PANADERIA 5 UNIDADES
[2025-05-19 14:40:47] Attempting to insert product: {'name': 'BURGER BIMBO ARTESANO BRIOC 290 G', 'price': 2.34, 'category': 'Panes, harinas y masas', 'store_id': 'condisline', 'quantity': '8,07€/Kilo'}
[2025-05-19 14:40:47] Supabase Response: data=[{'name': 'BURGER BIMBO ARTESANO BRIOC 290 G', 'price': 2.34, 'category': 'Panes, harinas y masas', 'store_id': 'condisline', 'quantity': '8,07€/Kilo', 'id': 'cf397a20-4b0d-4f7a-a422-bc30964e551b', 'created_at': '2025-05-19T11:40:49.110005'}] count=None
[2025-05-19 14:40:47] ✅ Successfully inserted: BURGER BIMBO ARTESANO BRIOC 290 G
[2025-05-19 14:40:47] Attempting to insert product: {'name': 'PAN RALLADO GALLO CRUJIENTE 500 G', 'price': 1.39, 'category': 'Panes, harinas y masas', 'store_id': 'condisline', 'quantity': '2,78€/Kilo'}
[2025-05-19 14:40:47] Supabase Response: data=[{'name': 'PAN RALLADO GALLO CRUJIENTE 500 G', 'price': 1.39, 'category': 'Panes, harinas y masas', 'store_id': 'condisline', 'quantity': '2,78€/Kilo', 'id': '0afbe03c-512d-4489-8605-bfae11f12b39', 'created_at': '2025-05-19T11:40:49.389386'}] count=None
[2025-05-19 14:40:47] ✅ Successfully inserted: PAN RALLADO GALLO CRUJIENTE 500 G
[2025-05-19 14:40:47] Attempting to insert product: {'name': 'BASE TARRADELLA PIZZA 5 CEREALES 260 G', 'price': 1.37, 'category': 'Panes, harinas y masas', 'store_id': 'condisline', 'quantity': '5,27€/Kilo'}
[2025-05-19 14:40:47] Supabase Response: data=[{'name': 'BASE TARRADELLA PIZZA 5 CEREALES 260 G', 'price': 1.37, 'category': 'Panes, harinas y masas', 'store_id': 'condisline', 'quantity': '5,27€/Kilo', 'id': '3e7a0e1d-1873-48d7-9580-d1aae61b4837', 'created_at': '2025-05-19T11:40:49.609605'}] count=None
[2025-05-19 14:40:47] ✅ Successfully inserted: BASE TARRADELLA PIZZA 5 CEREALES 260 G
[2025-05-19 14:40:47] Attempting to insert product: {'name': 'HARINA NOMEN TRIGO 1 KG', 'price': 1.45, 'category': 'Panes, harinas y masas', 'store_id': 'condisline', 'quantity': '1,45€/Kilo'}
[2025-05-19 14:40:48] Supabase Response: data=[{'name': 'HARINA NOMEN TRIGO 1 KG', 'price': 1.45, 'category': 'Panes, harinas y masas', 'store_id': 'condisline', 'quantity': '1,45€/Kilo', 'id': '0bc032eb-b5f9-4758-9d8e-5d6005f8eac3', 'created_at': '2025-05-19T11:40:49.90984'}] count=None
[2025-05-19 14:40:48] ✅ Successfully inserted: HARINA NOMEN TRIGO 1 KG
[2025-05-19 14:40:48] Attempting to insert product: {'name': 'MINI BRIOCHES MONTES LARA 6 UNIDADES 270 G', 'price': 2.69, 'category': 'Panes, harinas y masas', 'store_id': 'condisline', 'quantity': '9,96€/Kilo'}
[2025-05-19 14:40:48] Supabase Response: data=[{'name': 'MINI BRIOCHES MONTES LARA 6 UNIDADES 270 G', 'price': 2.69, 'category': 'Panes, harinas y masas', 'store_id': 'condisline', 'quantity': '9,96€/Kilo', 'id': 'c0bb11e6-1cc0-4ab9-82ec-48d2eb893b21', 'created_at': '2025-05-19T11:40:50.168793'}] count=None
[2025-05-19 14:40:48] ✅ Successfully inserted: MINI BRIOCHES MONTES LARA 6 UNIDADES 270 G
[2025-05-19 14:40:48] Attempting to insert product: {'name': 'HARINA GALLO DE FUERZA 1 KG', 'price': 1.85, 'category': 'Panes, harinas y masas', 'store_id': 'condisline', 'quantity': '1,85€/Kilo'}
[2025-05-19 14:40:48] Supabase Response: data=[{'name': 'HARINA GALLO DE FUERZA 1 KG', 'price': 1.85, 'category': 'Panes, harinas y masas', 'store_id': 'condisline', 'quantity': '1,85€/Kilo', 'id': 'd3737dbf-535f-40f6-8860-0ca98039b728', 'created_at': '2025-05-19T11:40:50.420894'}] count=None
[2025-05-19 14:40:48] ✅ Successfully inserted: HARINA GALLO DE FUERZA 1 KG
[2025-05-19 14:40:48] Attempting to insert product: {'name': 'BOCADITOS SNATTS TOMATE&OREGANO 110 G', 'price': 1.4, 'category': 'Panes, harinas y masas', 'store_id': 'condisline', 'quantity': '12,73€/Kilo'}
[2025-05-19 14:40:48] Supabase Response: data=[{'name': 'BOCADITOS SNATTS TOMATE&OREGANO 110 G', 'price': 1.4, 'category': 'Panes, harinas y masas', 'store_id': 'condisline', 'quantity': '12,73€/Kilo', 'id': '99ede92b-53a0-457f-b314-d5a03ae3715b', 'created_at': '2025-05-19T11:40:50.64225'}] count=None
[2025-05-19 14:40:48] ✅ Successfully inserted: BOCADITOS SNATTS TOMATE&OREGANO 110 G
[2025-05-19 14:40:48] Attempting to insert product: {'name': 'TAPAS QUELY  200 G', 'price': 1.19, 'category': 'Panes, harinas y masas', 'store_id': 'condisline', 'quantity': '5,95€/Kilo'}
[2025-05-19 14:40:49] Supabase Response: data=[{'name': 'TAPAS QUELY  200 G', 'price': 1.19, 'category': 'Panes, harinas y masas', 'store_id': 'condisline', 'quantity': '5,95€/Kilo', 'id': 'da302dfc-2e95-4e7e-9173-1fd53bd45eee', 'created_at': '2025-05-19T11:40:50.950943'}] count=None
[2025-05-19 14:40:49] ✅ Successfully inserted: TAPAS QUELY  200 G
[2025-05-19 14:40:49] Attempting to insert product: {'name': 'PANECILLOS KRISPROLLS DORADOS 225 G', 'price': 3.49, 'category': 'Panes, harinas y masas', 'store_id': 'condisline', 'quantity': '15,51€/Kilo'}
[2025-05-19 14:40:49] Supabase Response: data=[{'name': 'PANECILLOS KRISPROLLS DORADOS 225 G', 'price': 3.49, 'category': 'Panes, harinas y masas', 'store_id': 'condisline', 'quantity': '15,51€/Kilo', 'id': 'f834ad14-9c01-4c8e-90c3-76c2b015ea58', 'created_at': '2025-05-19T11:40:51.254736'}] count=None
[2025-05-19 14:40:49] ✅ Successfully inserted: PANECILLOS KRISPROLLS DORADOS 225 G
[2025-05-19 14:40:49] Attempting to insert product: {'name': 'HARINA HARIMSA INTEGRAL ESPELTA 500 G', 'price': 1.77, 'category': 'Panes, harinas y masas', 'store_id': 'condisline', 'quantity': '3,54€/Kilo'}
[2025-05-19 14:40:49] Supabase Response: data=[{'name': 'HARINA HARIMSA INTEGRAL ESPELTA 500 G', 'price': 1.77, 'category': 'Panes, harinas y masas', 'store_id': 'condisline', 'quantity': '3,54€/Kilo', 'id': 'e8001cef-d395-43bf-b4c4-72ecb36ebdc9', 'created_at': '2025-05-19T11:40:51.543003'}] count=None
[2025-05-19 14:40:49] ✅ Successfully inserted: HARINA HARIMSA INTEGRAL ESPELTA 500 G
[2025-05-19 14:40:49] Attempting to insert product: {'name': 'PICATOSTES RECONDO AJO 80 G', 'price': 1.55, 'category': 'Panes, harinas y masas', 'store_id': 'condisline', 'quantity': '19,38€/Kilo'}
[2025-05-19 14:40:50] Supabase Response: data=[{'name': 'PICATOSTES RECONDO AJO 80 G', 'price': 1.55, 'category': 'Panes, harinas y masas', 'store_id': 'condisline', 'quantity': '19,38€/Kilo', 'id': '2ef2e928-5945-4c42-8bca-915897d84e2b', 'created_at': '2025-05-19T11:40:51.778255'}] count=None
[2025-05-19 14:40:50] ✅ Successfully inserted: PICATOSTES RECONDO AJO 80 G
[2025-05-19 14:40:50] Attempting to insert product: {'name': 'PAN RALLADO SCHAR  300 G', 'price': 3.07, 'category': 'Panes, harinas y masas', 'store_id': 'condisline', 'quantity': '10,23€/Kilo'}
[2025-05-19 14:40:50] Supabase Response: data=[{'name': 'PAN RALLADO SCHAR  300 G', 'price': 3.07, 'category': 'Panes, harinas y masas', 'store_id': 'condisline', 'quantity': '10,23€/Kilo', 'id': '53c564b1-1af2-4012-b9a8-1def1c543c8f', 'created_at': '2025-05-19T11:40:52.076657'}] count=None
[2025-05-19 14:40:50] ✅ Successfully inserted: PAN RALLADO SCHAR  300 G
[2025-05-19 14:40:50] Attempting to insert product: {'name': 'PALITOS FINA DE CEREALES Y SEMILLAS 90 G', 'price': 1.03, 'category': 'Panes, harinas y masas', 'store_id': 'condisline', 'quantity': '11,44€/Kilo'}
[2025-05-19 14:40:50] Supabase Response: data=[{'name': 'PALITOS FINA DE CEREALES Y SEMILLAS 90 G', 'price': 1.03, 'category': 'Panes, harinas y masas', 'store_id': 'condisline', 'quantity': '11,44€/Kilo', 'id': 'a0d7ac8e-5a0d-429e-b65d-d06d0f321f19', 'created_at': '2025-05-19T11:40:52.368697'}] count=None
[2025-05-19 14:40:50] ✅ Successfully inserted: PALITOS FINA DE CEREALES Y SEMILLAS 90 G
[2025-05-19 14:40:50] Attempting to insert product: {'name': 'PAN ALEMAN SOL NATURAL BIO CENTENO 500 G', 'price': 2.78, 'category': 'Panes, harinas y masas', 'store_id': 'condisline', 'quantity': '5,56€/Kilo'}
[2025-05-19 14:40:50] Supabase Response: data=[{'name': 'PAN ALEMAN SOL NATURAL BIO CENTENO 500 G', 'price': 2.78, 'category': 'Panes, harinas y masas', 'store_id': 'condisline', 'quantity': '5,56€/Kilo', 'id': '09fe9347-5216-4ce5-a589-8e3c3b1fedcb', 'created_at': '2025-05-19T11:40:52.616337'}] count=None
[2025-05-19 14:40:50] ✅ Successfully inserted: PAN ALEMAN SOL NATURAL BIO CENTENO 500 G
[2025-05-19 14:40:50] Attempting to insert product: {'name': 'HARINA GALLO INTEGRAL 1 KG', 'price': 1.7, 'category': 'Panes, harinas y masas', 'store_id': 'condisline', 'quantity': '1,70€/Kilo'}
[2025-05-19 14:40:51] Supabase Response: data=[{'name': 'HARINA GALLO INTEGRAL 1 KG', 'price': 1.7, 'category': 'Panes, harinas y masas', 'store_id': 'condisline', 'quantity': '1,70€/Kilo', 'id': '15b384c6-12fa-4848-a681-1bc73ded797c', 'created_at': '2025-05-19T11:40:52.870991'}] count=None
[2025-05-19 14:40:51] ✅ Successfully inserted: HARINA GALLO INTEGRAL 1 KG
[2025-05-19 14:40:51] Attempting to insert product: {'name': 'PANECILLOS KRISPROLLS INTEGRALES 225 G', 'price': 3.49, 'category': 'Panes, harinas y masas', 'store_id': 'condisline', 'quantity': '15,51€/Kilo'}
[2025-05-19 14:40:51] Supabase Response: data=[{'name': 'PANECILLOS KRISPROLLS INTEGRALES 225 G', 'price': 3.49, 'category': 'Panes, harinas y masas', 'store_id': 'condisline', 'quantity': '15,51€/Kilo', 'id': '23ae517d-8848-4838-9838-797583ded15e', 'created_at': '2025-05-19T11:40:53.110688'}] count=None
[2025-05-19 14:40:51] ✅ Successfully inserted: PANECILLOS KRISPROLLS INTEGRALES 225 G
[2025-05-19 14:40:51] Attempting to insert product: {'name': 'HARINA GALLO BIZCOCHOS 1 KG', 'price': 1.71, 'category': 'Panes, harinas y masas', 'store_id': 'condisline', 'quantity': '1,71€/Kilo'}
[2025-05-19 14:40:51] Supabase Response: data=[{'name': 'HARINA GALLO BIZCOCHOS 1 KG', 'price': 1.71, 'category': 'Panes, harinas y masas', 'store_id': 'condisline', 'quantity': '1,71€/Kilo', 'id': '907a3b72-b764-406c-82d7-35ed5ec3f255', 'created_at': '2025-05-19T11:40:53.398799'}] count=None
[2025-05-19 14:40:51] ✅ Successfully inserted: HARINA GALLO BIZCOCHOS 1 KG
[2025-05-19 14:40:51] Attempting to insert product: {'name': 'HARINA LAS PANAERAS FREIR 500 G', 'price': 1.95, 'category': 'Panes, harinas y masas', 'store_id': 'condisline', 'quantity': '3,90€/Kilo'}
[2025-05-19 14:40:51] Supabase Response: data=[{'name': 'HARINA LAS PANAERAS FREIR 500 G', 'price': 1.95, 'category': 'Panes, harinas y masas', 'store_id': 'condisline', 'quantity': '3,90€/Kilo', 'id': '21943a53-4434-4172-95fe-56844fee5694', 'created_at': '2025-05-19T11:40:53.690249'}] count=None
[2025-05-19 14:40:51] ✅ Successfully inserted: HARINA LAS PANAERAS FREIR 500 G
[2025-05-19 14:40:51] Attempting to insert product: {'name': 'MINI CHAPAT LA RÚSTICA PASAS 135 G', 'price': 2.07, 'category': 'Panes, harinas y masas', 'store_id': 'condisline', 'quantity': '15,33€/Kilo'}
[2025-05-19 14:40:52] Supabase Response: data=[{'name': 'MINI CHAPAT LA RÚSTICA PASAS 135 G', 'price': 2.07, 'category': 'Panes, harinas y masas', 'store_id': 'condisline', 'quantity': '15,33€/Kilo', 'id': 'f3152f65-9c90-4192-bfeb-c6ecfd344746', 'created_at': '2025-05-19T11:40:54.003558'}] count=None
[2025-05-19 14:40:52] ✅ Successfully inserted: MINI CHAPAT LA RÚSTICA PASAS 135 G
[2025-05-19 14:40:52] Attempting to insert product: {'name': 'PAN MONTES LARA CRISTAL 120 G', 'price': 1.89, 'category': 'Panes, harinas y masas', 'store_id': 'condisline', 'quantity': '15,75€/Kilo'}
[2025-05-19 14:40:52] Supabase Response: data=[{'name': 'PAN MONTES LARA CRISTAL 120 G', 'price': 1.89, 'category': 'Panes, harinas y masas', 'store_id': 'condisline', 'quantity': '15,75€/Kilo', 'id': '3ff1349f-2f5d-4ea3-bfac-926a15578c3b', 'created_at': '2025-05-19T11:40:54.218153'}] count=None
[2025-05-19 14:40:52] ✅ Successfully inserted: PAN MONTES LARA CRISTAL 120 G
[2025-05-19 14:40:52] Attempting to insert product: {'name': 'MINI CHAPAT LA RÚSTICA ACEITE OLIVA 120 G', 'price': 1.98, 'category': 'Panes, harinas y masas', 'store_id': 'condisline', 'quantity': '16,50€/Kilo'}
[2025-05-19 14:40:52] Supabase Response: data=[{'name': 'MINI CHAPAT LA RÚSTICA ACEITE OLIVA 120 G', 'price': 1.98, 'category': 'Panes, harinas y masas', 'store_id': 'condisline', 'quantity': '16,50€/Kilo', 'id': '42fa50b9-7bf8-4bf4-8634-6c66d6d69e21', 'created_at': '2025-05-19T11:40:54.454688'}] count=None
[2025-05-19 14:40:52] ✅ Successfully inserted: MINI CHAPAT LA RÚSTICA ACEITE OLIVA 120 G
[2025-05-19 14:40:52] Attempting to insert product: {'name': 'HARINA GALLO MIX SIN GLUTEN 500 G', 'price': 3.05, 'category': 'Panes, harinas y masas', 'store_id': 'condisline', 'quantity': '6,10€/Kilo'}
[2025-05-19 14:40:52] Supabase Response: data=[{'name': 'HARINA GALLO MIX SIN GLUTEN 500 G', 'price': 3.05, 'category': 'Panes, harinas y masas', 'store_id': 'condisline', 'quantity': '6,10€/Kilo', 'id': 'd5c7f3ed-5748-4dea-b930-44d8b2f2d9a1', 'created_at': '2025-05-19T11:40:54.74699'}] count=None
[2025-05-19 14:40:52] ✅ Successfully inserted: HARINA GALLO MIX SIN GLUTEN 500 G
[2025-05-19 14:40:52] Attempting to insert product: {'name': 'HARINA NOMEN ARROZ 500 G', 'price': 1.35, 'category': 'Panes, harinas y masas', 'store_id': 'condisline', 'quantity': '2,70€/Kilo'}
[2025-05-19 14:40:53] Supabase Response: data=[{'name': 'HARINA NOMEN ARROZ 500 G', 'price': 1.35, 'category': 'Panes, harinas y masas', 'store_id': 'condisline', 'quantity': '2,70€/Kilo', 'id': 'cec00781-ea3d-4e4c-9b94-20c8dbddecd2', 'created_at': '2025-05-19T11:40:54.982633'}] count=None
[2025-05-19 14:40:53] ✅ Successfully inserted: HARINA NOMEN ARROZ 500 G
[2025-05-19 14:40:53] Attempting to insert product: {'name': 'PICATOSTES FLORETTE ORIGINAL 65 G', 'price': 1.25, 'category': 'Panes, harinas y masas', 'store_id': 'condisline', 'quantity': '19,23€/Kilo'}
[2025-05-19 14:40:53] Supabase Response: data=[{'name': 'PICATOSTES FLORETTE ORIGINAL 65 G', 'price': 1.25, 'category': 'Panes, harinas y masas', 'store_id': 'condisline', 'quantity': '19,23€/Kilo', 'id': '08d2c0ab-8f0b-418d-a578-a075334da405', 'created_at': '2025-05-19T11:40:55.26679'}] count=None
[2025-05-19 14:40:53] ✅ Successfully inserted: PICATOSTES FLORETTE ORIGINAL 65 G
[2025-05-19 14:40:53] Attempting to insert product: {'name': 'MASA BUITONI PARA MINI PIZZA FINISSIMA 8 UNIDADES', 'price': 1.88, 'category': 'Panes, harinas y masas', 'store_id': 'condisline', 'quantity': '7,09€/Kilo'}
[2025-05-19 14:40:53] Supabase Response: data=[{'name': 'MASA BUITONI PARA MINI PIZZA FINISSIMA 8 UNIDADES', 'price': 1.88, 'category': 'Panes, harinas y masas', 'store_id': 'condisline', 'quantity': '7,09€/Kilo', 'id': '535dfd99-6d02-4ca3-ad2e-1408bd65328a', 'created_at': '2025-05-19T11:40:55.501734'}] count=None
[2025-05-19 14:40:53] ✅ Successfully inserted: MASA BUITONI PARA MINI PIZZA FINISSIMA 8 UNIDADES
[2025-05-19 14:40:53] Attempting to insert product: {'name': 'PAN CRUJIENTE BURGER SÉSAMO 250 G', 'price': 1.79, 'category': 'Panes, harinas y masas', 'store_id': 'condisline', 'quantity': '7,16€/Kilo'}
[2025-05-19 14:40:54] Supabase Response: data=[{'name': 'PAN CRUJIENTE BURGER SÉSAMO 250 G', 'price': 1.79, 'category': 'Panes, harinas y masas', 'store_id': 'condisline', 'quantity': '7,16€/Kilo', 'id': 'e22bbeee-0894-4e36-9b44-078362390a4d', 'created_at': '2025-05-19T11:40:55.867194'}] count=None
[2025-05-19 14:40:54] ✅ Successfully inserted: PAN CRUJIENTE BURGER SÉSAMO 250 G
[2025-05-19 14:40:54] Attempting to insert product: {'name': 'HARINA LAS PANAERAS GARBANZOS 500 G', 'price': 1.95, 'category': 'Panes, harinas y masas', 'store_id': 'condisline', 'quantity': '3,90€/Kilo'}
[2025-05-19 14:40:54] Supabase Response: data=[{'name': 'HARINA LAS PANAERAS GARBANZOS 500 G', 'price': 1.95, 'category': 'Panes, harinas y masas', 'store_id': 'condisline', 'quantity': '3,90€/Kilo', 'id': '3021a669-11ce-42b4-b327-c0f357a8f239', 'created_at': '2025-05-19T11:40:56.160737'}] count=None
[2025-05-19 14:40:54] ✅ Successfully inserted: HARINA LAS PANAERAS GARBANZOS 500 G
[2025-05-19 14:40:54] Attempting to insert product: {'name': 'CRACKER LA RUSTICA PIPAS Y SESAMO 100 G', 'price': 1.85, 'category': 'Panes, harinas y masas', 'store_id': 'condisline', 'quantity': '18,50€/Kilo'}
[2025-05-19 14:40:54] Supabase Response: data=[{'name': 'CRACKER LA RUSTICA PIPAS Y SESAMO 100 G', 'price': 1.85, 'category': 'Panes, harinas y masas', 'store_id': 'condisline', 'quantity': '18,50€/Kilo', 'id': '3fc0e298-a250-4ad8-b445-1c466fe362d0', 'created_at': '2025-05-19T11:40:56.375202'}] count=None
[2025-05-19 14:40:54] ✅ Successfully inserted: CRACKER LA RUSTICA PIPAS Y SESAMO 100 G
[2025-05-19 14:40:54] Attempting to insert product: {'name': 'CRACKER LA RUSTICA PIPAS Y AMAPOL 100 G', 'price': 1.85, 'category': 'Panes, harinas y masas', 'store_id': 'condisline', 'quantity': '18,50€/Kilo'}
[2025-05-19 14:40:54] Supabase Response: data=[{'name': 'CRACKER LA RUSTICA PIPAS Y AMAPOL 100 G', 'price': 1.85, 'category': 'Panes, harinas y masas', 'store_id': 'condisline', 'quantity': '18,50€/Kilo', 'id': 'aab321d5-3df8-42ce-9f44-cd57c5a2daab', 'created_at': '2025-05-19T11:40:56.683421'}] count=None
[2025-05-19 14:40:54] ✅ Successfully inserted: CRACKER LA RUSTICA PIPAS Y AMAPOL 100 G
[2025-05-19 14:40:54] Attempting to insert product: {'name': 'BOCADITOS SNATTS JAMÓN Y TOMATE 110 G', 'price': 1.4, 'category': 'Panes, harinas y masas', 'store_id': 'condisline', 'quantity': '12,73€/Kilo'}
[2025-05-19 14:40:55] Supabase Response: data=[{'name': 'BOCADITOS SNATTS JAMÓN Y TOMATE 110 G', 'price': 1.4, 'category': 'Panes, harinas y masas', 'store_id': 'condisline', 'quantity': '12,73€/Kilo', 'id': '57c1839e-7cbe-4a7b-949c-d801510dd326', 'created_at': '2025-05-19T11:40:56.990645'}] count=None
[2025-05-19 14:40:55] ✅ Successfully inserted: BOCADITOS SNATTS JAMÓN Y TOMATE 110 G
[2025-05-19 14:40:55] Attempting to insert product: {'name': 'PAN CRUJIENTE BURGER DELICACY 250 G', 'price': 1.79, 'category': 'Panes, harinas y masas', 'store_id': 'condisline', 'quantity': '7,16€/Kilo'}
[2025-05-19 14:40:55] Supabase Response: data=[{'name': 'PAN CRUJIENTE BURGER DELICACY 250 G', 'price': 1.79, 'category': 'Panes, harinas y masas', 'store_id': 'condisline', 'quantity': '7,16€/Kilo', 'id': '7ac202a2-59da-4d83-88e1-8e45a0594d27', 'created_at': '2025-05-19T11:40:57.38614'}] count=None
[2025-05-19 14:40:55] ✅ Successfully inserted: PAN CRUJIENTE BURGER DELICACY 250 G
[2025-05-19 14:40:55] Attempting to insert product: {'name': 'PALITOS FINA QUESO 90 G', 'price': 1.13, 'category': 'Panes, harinas y masas', 'store_id': 'condisline', 'quantity': '12,56€/Kilo'}
[2025-05-19 14:40:55] Supabase Response: data=[{'name': 'PALITOS FINA QUESO 90 G', 'price': 1.13, 'category': 'Panes, harinas y masas', 'store_id': 'condisline', 'quantity': '12,56€/Kilo', 'id': 'e9b93d43-b6cc-4f2c-9cde-0b41b8f77c16', 'created_at': '2025-05-19T11:40:57.613962'}] count=None
[2025-05-19 14:40:55] ✅ Successfully inserted: PALITOS FINA QUESO 90 G
[2025-05-19 14:40:55] Attempting to insert product: {'name': 'LEVADURA VAHINE EN POLVO 180 G', 'price': 2.59, 'category': 'Panes, harinas y masas', 'store_id': 'condisline', 'quantity': '14,39€/Kilo'}
[2025-05-19 14:40:56] Supabase Response: data=[{'name': 'LEVADURA VAHINE EN POLVO 180 G', 'price': 2.59, 'category': 'Panes, harinas y masas', 'store_id': 'condisline', 'quantity': '14,39€/Kilo', 'id': '7a8bd339-cee8-4928-9543-48a82d6e22eb', 'created_at': '2025-05-19T11:40:57.851236'}] count=None
[2025-05-19 14:40:56] ✅ Successfully inserted: LEVADURA VAHINE EN POLVO 180 G
[2025-05-19 14:40:56] Attempting to insert product: {'name': 'PICATOSTES FLORETTE CESAR 70 G', 'price': 1.25, 'category': 'Panes, harinas y masas', 'store_id': 'condisline', 'quantity': '17,86€/Kilo'}
[2025-05-19 14:40:56] Supabase Response: data=[{'name': 'PICATOSTES FLORETTE CESAR 70 G', 'price': 1.25, 'category': 'Panes, harinas y masas', 'store_id': 'condisline', 'quantity': '17,86€/Kilo', 'id': '7cec9013-f26a-4113-9b77-5ee6e3623dd7', 'created_at': '2025-05-19T11:40:58.083554'}] count=None
[2025-05-19 14:40:56] ✅ Successfully inserted: PICATOSTES FLORETTE CESAR 70 G
[2025-05-19 14:40:56] Attempting to insert product: {'name': 'PICATOSTES FLORETTE AJO FINAS HIERBAS 70 G', 'price': 1.25, 'category': 'Panes, harinas y masas', 'store_id': 'condisline', 'quantity': '17,86€/Kilo'}
[2025-05-19 14:40:56] Supabase Response: data=[{'name': 'PICATOSTES FLORETTE AJO FINAS HIERBAS 70 G', 'price': 1.25, 'category': 'Panes, harinas y masas', 'store_id': 'condisline', 'quantity': '17,86€/Kilo', 'id': 'cac0f726-0c7a-4866-bb26-d0bf5d48ade1', 'created_at': '2025-05-19T11:40:58.323485'}] count=None
[2025-05-19 14:40:56] ✅ Successfully inserted: PICATOSTES FLORETTE AJO FINAS HIERBAS 70 G
[2025-05-19 14:40:56] Attempting to insert product: {'name': 'HARINA HARIMSA ESPECIAL TEMPURA 500 G', 'price': 1.75, 'category': 'Panes, harinas y masas', 'store_id': 'condisline', 'quantity': '3,50€/Kilo'}
[2025-05-19 14:40:56] Supabase Response: data=[{'name': 'HARINA HARIMSA ESPECIAL TEMPURA 500 G', 'price': 1.75, 'category': 'Panes, harinas y masas', 'store_id': 'condisline', 'quantity': '3,50€/Kilo', 'id': '32ecf398-8e12-4315-98c1-00e12ab84bbb', 'created_at': '2025-05-19T11:40:58.561503'}] count=None
[2025-05-19 14:40:56] ✅ Successfully inserted: HARINA HARIMSA ESPECIAL TEMPURA 500 G
[2025-05-19 14:40:56] Attempting to insert product: {'name': 'HARINA GALLO FRITOS Y REBOZADOS 1 KG', 'price': 1.72, 'category': 'Panes, harinas y masas', 'store_id': 'condisline', 'quantity': '1,72€/Kilo'}
[2025-05-19 14:40:56] Supabase Response: data=[{'name': 'HARINA GALLO FRITOS Y REBOZADOS 1 KG', 'price': 1.72, 'category': 'Panes, harinas y masas', 'store_id': 'condisline', 'quantity': '1,72€/Kilo', 'id': 'ab313587-c5e2-4728-bf59-f7eff934d6f0', 'created_at': '2025-05-19T11:40:58.803975'}] count=None
[2025-05-19 14:40:56] ✅ Successfully inserted: HARINA GALLO FRITOS Y REBOZADOS 1 KG
[2025-05-19 14:40:56] Attempting to insert product: {'name': 'PAN MOLDE BIMBO CERO & CERO 360 G', 'price': 2.45, 'category': 'Panes, harinas y masas', 'store_id': 'condisline', 'quantity': '6,81€/Kilo'}
[2025-05-19 14:40:57] Supabase Response: data=[{'name': 'PAN MOLDE BIMBO CERO & CERO 360 G', 'price': 2.45, 'category': 'Panes, harinas y masas', 'store_id': 'condisline', 'quantity': '6,81€/Kilo', 'id': '1adea5e2-0364-4db5-9397-09f679e1f399', 'created_at': '2025-05-19T11:40:59.023779'}] count=None
[2025-05-19 14:40:57] ✅ Successfully inserted: PAN MOLDE BIMBO CERO & CERO 360 G
[2025-05-19 14:40:57] Attempting to insert product: {'name': 'PAN RALLADO ALTEZA AJO/PEREJIL 500 G', 'price': 1.05, 'category': 'Panes, harinas y masas', 'store_id': 'condisline', 'quantity': '2,10€/Kilo'}
[2025-05-19 14:40:57] Supabase Response: data=[{'name': 'PAN RALLADO ALTEZA AJO/PEREJIL 500 G', 'price': 1.05, 'category': 'Panes, harinas y masas', 'store_id': 'condisline', 'quantity': '2,10€/Kilo', 'id': 'f424b95e-e2ba-4b4e-b491-b562c22f7b6a', 'created_at': '2025-05-19T11:40:59.241295'}] count=None
[2025-05-19 14:40:57] ✅ Successfully inserted: PAN RALLADO ALTEZA AJO/PEREJIL 500 G
[2025-05-19 14:40:57] Attempting to insert product: {'name': 'CRACKER LA RUSTICA QUESO/CALABAZA 100 G', 'price': 1.85, 'category': 'Panes, harinas y masas', 'store_id': 'condisline', 'quantity': '18,50€/Kilo'}
[2025-05-19 14:40:57] Supabase Response: data=[{'name': 'CRACKER LA RUSTICA QUESO/CALABAZA 100 G', 'price': 1.85, 'category': 'Panes, harinas y masas', 'store_id': 'condisline', 'quantity': '18,50€/Kilo', 'id': '61c00060-a681-4f76-ae36-10a6743d24e0', 'created_at': '2025-05-19T11:40:59.470943'}] count=None
[2025-05-19 14:40:57] ✅ Successfully inserted: CRACKER LA RUSTICA QUESO/CALABAZA 100 G
[2025-05-19 14:40:57] Attempting to insert product: {'name': 'HARINA PANAERAS TEMPURA 400 G', 'price': 1.95, 'category': 'Panes, harinas y masas', 'store_id': 'condisline', 'quantity': '4,88€/Kilo'}
[2025-05-19 14:40:57] Supabase Response: data=[{'name': 'HARINA PANAERAS TEMPURA 400 G', 'price': 1.95, 'category': 'Panes, harinas y masas', 'store_id': 'condisline', 'quantity': '4,88€/Kilo', 'id': '6847fa16-9267-45ee-9fd5-f110fc882e85', 'created_at': '2025-05-19T11:40:59.689368'}] count=None
[2025-05-19 14:40:57] ✅ Successfully inserted: HARINA PANAERAS TEMPURA 400 G
[2025-05-19 14:40:57] Attempting to insert product: {'name': 'HOT DOG MONTESLARA  330 G', 'price': 2.25, 'category': 'Panes, harinas y masas', 'store_id': 'condisline', 'quantity': '6,82€/Kilo'}
[2025-05-19 14:40:58] Supabase Response: data=[{'name': 'HOT DOG MONTESLARA  330 G', 'price': 2.25, 'category': 'Panes, harinas y masas', 'store_id': 'condisline', 'quantity': '6,82€/Kilo', 'id': 'dacd17b9-e43c-4a7c-b528-72df7acdca2a', 'created_at': '2025-05-19T11:40:59.916701'}] count=None
[2025-05-19 14:40:58] ✅ Successfully inserted: HOT DOG MONTESLARA  330 G
[2025-05-19 14:40:58] Attempting to insert product: {'name': 'CRACKER LA RUSTICA PIZZA 100 G', 'price': 1.85, 'category': 'Panes, harinas y masas', 'store_id': 'condisline', 'quantity': '18,50€/Kilo'}
[2025-05-19 14:40:58] Supabase Response: data=[{'name': 'CRACKER LA RUSTICA PIZZA 100 G', 'price': 1.85, 'category': 'Panes, harinas y masas', 'store_id': 'condisline', 'quantity': '18,50€/Kilo', 'id': 'b68942ed-f356-4322-99b5-ce7e1f016ccf', 'created_at': '2025-05-19T11:41:00.157387'}] count=None
[2025-05-19 14:40:58] ✅ Successfully inserted: CRACKER LA RUSTICA PIZZA 100 G
[2025-05-19 14:40:58] Attempting to insert product: {'name': 'MAXIBURGER MONTESLARA  300 G', 'price': 2.35, 'category': 'Panes, harinas y masas', 'store_id': 'condisline', 'quantity': '7,83€/Kilo'}
[2025-05-19 14:40:58] Supabase Response: data=[{'name': 'MAXIBURGER MONTESLARA  300 G', 'price': 2.35, 'category': 'Panes, harinas y masas', 'store_id': 'condisline', 'quantity': '7,83€/Kilo', 'id': '5904e14c-8c5d-431c-b80f-dceff0b05627', 'created_at': '2025-05-19T11:41:00.393883'}] count=None
[2025-05-19 14:40:58] ✅ Successfully inserted: MAXIBURGER MONTESLARA  300 G
[2025-05-19 14:40:58] Attempting to insert product: {'name': 'CRACKER LA RUSTICA LINO Y CHIA 100 G', 'price': 1.85, 'category': 'Panes, harinas y masas', 'store_id': 'condisline', 'quantity': '18,50€/Kilo'}
[2025-05-19 14:40:58] Supabase Response: data=[{'name': 'CRACKER LA RUSTICA LINO Y CHIA 100 G', 'price': 1.85, 'category': 'Panes, harinas y masas', 'store_id': 'condisline', 'quantity': '18,50€/Kilo', 'id': '44b33e2f-b8e2-4c5c-814c-26757435f249', 'created_at': '2025-05-19T11:41:00.633446'}] count=None
[2025-05-19 14:40:58] ✅ Successfully inserted: CRACKER LA RUSTICA LINO Y CHIA 100 G
[2025-05-19 14:41:06] Attempting to insert product: {'name': 'CALDO GALLINA BLANCA CASERO POLLO 1 L', 'price': 2.2, 'category': 'Caldo y cremas', 'store_id': 'condisline', 'quantity': '2,20€/Litro'}
[2025-05-19 14:41:07] Supabase Response: data=[{'name': 'CALDO GALLINA BLANCA CASERO POLLO 1 L', 'price': 2.2, 'category': 'Caldo y cremas', 'store_id': 'condisline', 'quantity': '2,20€/Litro', 'id': '3d6a0733-e84c-4067-adc4-67f1d2926edf', 'created_at': '2025-05-19T11:41:09.131573'}] count=None
[2025-05-19 14:41:07] ✅ Successfully inserted: CALDO GALLINA BLANCA CASERO POLLO 1 L
[2025-05-19 14:41:07] Attempting to insert product: {'name': 'CALDO ANETO DE POLLO 100% NATURAL 1 L', 'price': 4.3, 'category': 'Caldo y cremas', 'store_id': 'condisline', 'quantity': '4,30€/Litro'}
[2025-05-19 14:41:08] Supabase Response: data=[{'name': 'CALDO ANETO DE POLLO 100% NATURAL 1 L', 'price': 4.3, 'category': 'Caldo y cremas', 'store_id': 'condisline', 'quantity': '4,30€/Litro', 'id': '5a32f0dc-5f0b-40a8-a5c2-7f88d2c60019', 'created_at': '2025-05-19T11:41:09.627604'}] count=None
[2025-05-19 14:41:08] ✅ Successfully inserted: CALDO ANETO DE POLLO 100% NATURAL 1 L
[2025-05-19 14:41:08] Attempting to insert product: {'name': 'CALDO GALLINA BLANCA CASERO DE POLLO BAJO EN SAL 1 L', 'price': 2.2, 'category': 'Caldo y cremas', 'store_id': 'condisline', 'quantity': '2,20€/Litro'}
[2025-05-19 14:41:08] Supabase Response: data=[{'name': 'CALDO GALLINA BLANCA CASERO DE POLLO BAJO EN SAL 1 L', 'price': 2.2, 'category': 'Caldo y cremas', 'store_id': 'condisline', 'quantity': '2,20€/Litro', 'id': 'afb9c3b6-8d21-4302-a27a-d7e0efcf91f0', 'created_at': '2025-05-19T11:41:10.294723'}] count=None
[2025-05-19 14:41:08] ✅ Successfully inserted: CALDO GALLINA BLANCA CASERO DE POLLO BAJO EN SAL 1 L
[2025-05-19 14:41:08] Attempting to insert product: {'name': 'CALDO GALLINA BLANCA CASERO VERDURA 1 L', 'price': 2.2, 'category': 'Caldo y cremas', 'store_id': 'condisline', 'quantity': '2,20€/Litro'}
[2025-05-19 14:41:09] Supabase Response: data=[{'name': 'CALDO GALLINA BLANCA CASERO VERDURA 1 L', 'price': 2.2, 'category': 'Caldo y cremas', 'store_id': 'condisline', 'quantity': '2,20€/Litro', 'id': 'e9eae37f-b422-48b4-a2f8-5efe2d0f9b5b', 'created_at': '2025-05-19T11:41:10.869636'}] count=None
[2025-05-19 14:41:09] ✅ Successfully inserted: CALDO GALLINA BLANCA CASERO VERDURA 1 L
[2025-05-19 14:41:09] Attempting to insert product: {'name': 'CALDO ANETO DE POLLO NATURAL BAJO EN SAL 1 L', 'price': 4.3, 'category': 'Caldo y cremas', 'store_id': 'condisline', 'quantity': '4,30€/Litro'}
[2025-05-19 14:41:09] Supabase Response: data=[{'name': 'CALDO ANETO DE POLLO NATURAL BAJO EN SAL 1 L', 'price': 4.3, 'category': 'Caldo y cremas', 'store_id': 'condisline', 'quantity': '4,30€/Litro', 'id': '089207cc-c50a-47b4-bf4f-7d79e7a8d39d', 'created_at': '2025-05-19T11:41:11.362533'}] count=None
[2025-05-19 14:41:09] ✅ Successfully inserted: CALDO ANETO DE POLLO NATURAL BAJO EN SAL 1 L
[2025-05-19 14:41:09] Attempting to insert product: {'name': 'CALDO GALLINA BLANCA ESCUDELLA 1 L', 'price': 2.2, 'category': 'Caldo y cremas', 'store_id': 'condisline', 'quantity': '2,20€/Litro'}
[2025-05-19 14:41:09] Supabase Response: data=[{'name': 'CALDO GALLINA BLANCA ESCUDELLA 1 L', 'price': 2.2, 'category': 'Caldo y cremas', 'store_id': 'condisline', 'quantity': '2,20€/Litro', 'id': '9e30c4cc-5a14-44e9-bb7a-741791540e81', 'created_at': '2025-05-19T11:41:11.606309'}] count=None
[2025-05-19 14:41:09] ✅ Successfully inserted: CALDO GALLINA BLANCA ESCUDELLA 1 L
[2025-05-19 14:41:09] Attempting to insert product: {'name': 'CALDO GALLINA BLANCA CASERO COCIDO 1 L', 'price': 2.2, 'category': 'Caldo y cremas', 'store_id': 'condisline', 'quantity': '2,20€/Litro'}
[2025-05-19 14:41:10] Supabase Response: data=[{'name': 'CALDO GALLINA BLANCA CASERO COCIDO 1 L', 'price': 2.2, 'category': 'Caldo y cremas', 'store_id': 'condisline', 'quantity': '2,20€/Litro', 'id': '7110cdc7-e2dc-4fac-a3f4-f09ad7e57ebe', 'created_at': '2025-05-19T11:41:11.853509'}] count=None
[2025-05-19 14:41:10] ✅ Successfully inserted: CALDO GALLINA BLANCA CASERO COCIDO 1 L
[2025-05-19 14:41:10] Attempting to insert product: {'name': 'CALDO GALLINA BLANCA FIDEUÁ 1 L', 'price': 3.49, 'category': 'Caldo y cremas', 'store_id': 'condisline', 'quantity': '3,49€/Litro'}
[2025-05-19 14:41:10] Supabase Response: data=[{'name': 'CALDO GALLINA BLANCA FIDEUÁ 1 L', 'price': 3.49, 'category': 'Caldo y cremas', 'store_id': 'condisline', 'quantity': '3,49€/Litro', 'id': 'a2fa9f05-882a-4a35-870e-fb89de0e984c', 'created_at': '2025-05-19T11:41:12.104752'}] count=None
[2025-05-19 14:41:10] ✅ Successfully inserted: CALDO GALLINA BLANCA FIDEUÁ 1 L
[2025-05-19 14:41:10] Attempting to insert product: {'name': 'CALDO POLL GALLINA BLANCA 8 VERDURAS 1000 ML', 'price': 2.2, 'category': 'Caldo y cremas', 'store_id': 'condisline', 'quantity': '2,20€/Litro'}
[2025-05-19 14:41:10] Supabase Response: data=[{'name': 'CALDO POLL GALLINA BLANCA 8 VERDURAS 1000 ML', 'price': 2.2, 'category': 'Caldo y cremas', 'store_id': 'condisline', 'quantity': '2,20€/Litro', 'id': 'ef6f6d3f-8115-4f8b-a09d-b0ce210b76ff', 'created_at': '2025-05-19T11:41:12.52842'}] count=None
[2025-05-19 14:41:10] ✅ Successfully inserted: CALDO POLL GALLINA BLANCA 8 VERDURAS 1000 ML
[2025-05-19 14:41:10] Attempting to insert product: {'name': 'CALDO GALLINA BLANCA CASERO CARNE 1 L', 'price': 2.2, 'category': 'Caldo y cremas', 'store_id': 'condisline', 'quantity': '2,20€/Litro'}
[2025-05-19 14:41:10] Supabase Response: data=[{'name': 'CALDO GALLINA BLANCA CASERO CARNE 1 L', 'price': 2.2, 'category': 'Caldo y cremas', 'store_id': 'condisline', 'quantity': '2,20€/Litro', 'id': '7d77ae5f-9270-4a6f-bb5b-b330d732c0d0', 'created_at': '2025-05-19T11:41:12.766614'}] count=None
[2025-05-19 14:41:10] ✅ Successfully inserted: CALDO GALLINA BLANCA CASERO CARNE 1 L
[2025-05-19 14:41:10] Attempting to insert product: {'name': 'CALDO GALLINA BLANCA PARA PAELLA FÁCIL DE MARISCO 1 L', 'price': 3.49, 'category': 'Caldo y cremas', 'store_id': 'condisline', 'quantity': '3,49€/Litro'}
[2025-05-19 14:41:11] Supabase Response: data=[{'name': 'CALDO GALLINA BLANCA PARA PAELLA FÁCIL DE MARISCO 1 L', 'price': 3.49, 'category': 'Caldo y cremas', 'store_id': 'condisline', 'quantity': '3,49€/Litro', 'id': '5efedf90-f69d-479e-b0c5-2e8e4a8459c5', 'created_at': '2025-05-19T11:41:13.189892'}] count=None
[2025-05-19 14:41:11] ✅ Successfully inserted: CALDO GALLINA BLANCA PARA PAELLA FÁCIL DE MARISCO 1 L
[2025-05-19 14:41:11] Attempting to insert product: {'name': 'CALDO GALLINA BLANCA CASERO PESCADO 1 L', 'price': 2.2, 'category': 'Caldo y cremas', 'store_id': 'condisline', 'quantity': '2,20€/Litro'}
[2025-05-19 14:41:11] Supabase Response: data=[{'name': 'CALDO GALLINA BLANCA CASERO PESCADO 1 L', 'price': 2.2, 'category': 'Caldo y cremas', 'store_id': 'condisline', 'quantity': '2,20€/Litro', 'id': '57a3d285-be59-4fb8-85cc-6823bdcfb906', 'created_at': '2025-05-19T11:41:13.57591'}] count=None
[2025-05-19 14:41:11] ✅ Successfully inserted: CALDO GALLINA BLANCA CASERO PESCADO 1 L
[2025-05-19 14:41:11] Attempting to insert product: {'name': 'CALDO GALLINA BLANCA FUMET BRICK 1 L', 'price': 3.49, 'category': 'Caldo y cremas', 'store_id': 'condisline', 'quantity': '3,49€/Litro'}
[2025-05-19 14:41:12] Supabase Response: data=[{'name': 'CALDO GALLINA BLANCA FUMET BRICK 1 L', 'price': 3.49, 'category': 'Caldo y cremas', 'store_id': 'condisline', 'quantity': '3,49€/Litro', 'id': 'af9414f5-734e-4a25-9084-a8e1a7a62dee', 'created_at': '2025-05-19T11:41:13.866866'}] count=None
[2025-05-19 14:41:12] ✅ Successfully inserted: CALDO GALLINA BLANCA FUMET BRICK 1 L
[2025-05-19 14:41:12] Attempting to insert product: {'name': 'CALDO G.BLANCA PAELLA MIXTA 1 L', 'price': 3.49, 'category': 'Caldo y cremas', 'store_id': 'condisline', 'quantity': '3,49€/Litro'}
[2025-05-19 14:41:12] Supabase Response: data=[{'name': 'CALDO G.BLANCA PAELLA MIXTA 1 L', 'price': 3.49, 'category': 'Caldo y cremas', 'store_id': 'condisline', 'quantity': '3,49€/Litro', 'id': '3edfa031-5080-421a-9e46-7712daf95937', 'created_at': '2025-05-19T11:41:14.109174'}] count=None
[2025-05-19 14:41:12] ✅ Successfully inserted: CALDO G.BLANCA PAELLA MIXTA 1 L
[2025-05-19 14:41:12] Attempting to insert product: {'name': 'PURÉ PATATA MOUSLINE ORIGINAL NATURAL 460 G', 'price': 2.79, 'category': 'Caldo y cremas', 'store_id': 'condisline', 'quantity': '6,07€/Kilo'}
[2025-05-19 14:41:12] Supabase Response: data=[{'name': 'PURÉ PATATA MOUSLINE ORIGINAL NATURAL 460 G', 'price': 2.79, 'category': 'Caldo y cremas', 'store_id': 'condisline', 'quantity': '6,07€/Kilo', 'id': '5bbaec0c-a713-4cf3-a1ff-29a4876571d0', 'created_at': '2025-05-19T11:41:14.40199'}] count=None
[2025-05-19 14:41:12] ✅ Successfully inserted: PURÉ PATATA MOUSLINE ORIGINAL NATURAL 460 G
[2025-05-19 14:41:12] Attempting to insert product: {'name': 'CALDO DE POLLO GALLINA BLANCA 2 UNI X 1 L', 'price': 4.19, 'category': 'Caldo y cremas', 'store_id': 'condisline', 'quantity': '2,10€/Litro'}
[2025-05-19 14:41:13] Supabase Response: data=[{'name': 'CALDO DE POLLO GALLINA BLANCA 2 UNI X 1 L', 'price': 4.19, 'category': 'Caldo y cremas', 'store_id': 'condisline', 'quantity': '2,10€/Litro', 'id': '27fb7af5-d5fe-4c8f-8688-56d86ed89865', 'created_at': '2025-05-19T11:41:14.8869'}] count=None
[2025-05-19 14:41:13] ✅ Successfully inserted: CALDO DE POLLO GALLINA BLANCA 2 UNI X 1 L
[2025-05-19 14:41:13] Attempting to insert product: {'name': 'CALDO CONDIS POLLO BRIK 1 L', 'price': 0.8, 'category': 'Caldo y cremas', 'store_id': 'condisline', 'quantity': '0,80€/Litro'}
[2025-05-19 14:41:13] Supabase Response: data=[{'name': 'CALDO CONDIS POLLO BRIK 1 L', 'price': 0.8, 'category': 'Caldo y cremas', 'store_id': 'condisline', 'quantity': '0,80€/Litro', 'id': '81c05b69-5445-4e29-9a94-0e25a075ec5c', 'created_at': '2025-05-19T11:41:15.2159'}] count=None
[2025-05-19 14:41:13] ✅ Successfully inserted: CALDO CONDIS POLLO BRIK 1 L
[2025-05-19 14:41:13] Attempting to insert product: {'name': 'CALDO ANETO POLLO BIPACK 2 L', 'price': 7.9, 'category': 'Caldo y cremas', 'store_id': 'condisline', 'quantity': '3,95€/Litro'}
[2025-05-19 14:41:13] Supabase Response: data=[{'name': 'CALDO ANETO POLLO BIPACK 2 L', 'price': 7.9, 'category': 'Caldo y cremas', 'store_id': 'condisline', 'quantity': '3,95€/Litro', 'id': '90596061-4750-4857-b526-456f43232ae2', 'created_at': '2025-05-19T11:41:15.449304'}] count=None
[2025-05-19 14:41:13] ✅ Successfully inserted: CALDO ANETO POLLO BIPACK 2 L
[2025-05-19 14:41:13] Attempting to insert product: {'name': 'CALDO ANETO DE POLLO 500 ML', 'price': 2.8, 'category': 'Caldo y cremas', 'store_id': 'condisline', 'quantity': '5,60€/Litro'}
[2025-05-19 14:41:14] Supabase Response: data=[{'name': 'CALDO ANETO DE POLLO 500 ML', 'price': 2.8, 'category': 'Caldo y cremas', 'store_id': 'condisline', 'quantity': '5,60€/Litro', 'id': 'e28d9593-ed15-40ab-ac0c-e6e8dea1d205', 'created_at': '2025-05-19T11:41:15.737392'}] count=None
[2025-05-19 14:41:14] ✅ Successfully inserted: CALDO ANETO DE POLLO 500 ML
[2025-05-19 14:41:14] Attempting to insert product: {'name': 'CALDO GALLINA BLANCA DE POLLO GOURMET 1 L', 'price': 2.99, 'category': 'Caldo y cremas', 'store_id': 'condisline', 'quantity': '2,99€/Litro'}
[2025-05-19 14:41:14] Supabase Response: data=[{'name': 'CALDO GALLINA BLANCA DE POLLO GOURMET 1 L', 'price': 2.99, 'category': 'Caldo y cremas', 'store_id': 'condisline', 'quantity': '2,99€/Litro', 'id': '31ea58f6-30f7-41ae-a153-d3a4e1c168df', 'created_at': '2025-05-19T11:41:16.126987'}] count=None
[2025-05-19 14:41:14] ✅ Successfully inserted: CALDO GALLINA BLANCA DE POLLO GOURMET 1 L
[2025-05-19 14:41:14] Attempting to insert product: {'name': 'CALDO GALLINA BLANCA VERDURAS PACK 2 UNIDADES', 'price': 4.19, 'category': 'Caldo y cremas', 'store_id': 'condisline', 'quantity': '2,10€/Litro'}
[2025-05-19 14:41:15] Supabase Response: data=[{'name': 'CALDO GALLINA BLANCA VERDURAS PACK 2 UNIDADES', 'price': 4.19, 'category': 'Caldo y cremas', 'store_id': 'condisline', 'quantity': '2,10€/Litro', 'id': '6a7d3c15-c89e-4913-92e9-8e31443266a4', 'created_at': '2025-05-19T11:41:16.761119'}] count=None
[2025-05-19 14:41:15] ✅ Successfully inserted: CALDO GALLINA BLANCA VERDURAS PACK 2 UNIDADES
[2025-05-19 14:41:15] Attempting to insert product: {'name': 'CALDO ANETO VERDURAS 1 L', 'price': 4.3, 'category': 'Caldo y cremas', 'store_id': 'condisline', 'quantity': '4,30€/Litro'}
[2025-05-19 14:41:15] Supabase Response: data=[{'name': 'CALDO ANETO VERDURAS 1 L', 'price': 4.3, 'category': 'Caldo y cremas', 'store_id': 'condisline', 'quantity': '4,30€/Litro', 'id': '1797cd1c-104d-4b52-b6c0-f1b7fe2ae05c', 'created_at': '2025-05-19T11:41:17.776278'}] count=None
[2025-05-19 14:41:15] ✅ Successfully inserted: CALDO ANETO VERDURAS 1 L
[2025-05-19 14:41:15] Attempting to insert product: {'name': 'CALDO ANETO POLLO CON JAMON 1 L', 'price': 4.3, 'category': 'Caldo y cremas', 'store_id': 'condisline', 'quantity': '4,30€/Litro'}
[2025-05-19 14:41:16] Supabase Response: data=[{'name': 'CALDO ANETO POLLO CON JAMON 1 L', 'price': 4.3, 'category': 'Caldo y cremas', 'store_id': 'condisline', 'quantity': '4,30€/Litro', 'id': '16bd8aed-9f7b-40b1-b629-5411f1a3a71a', 'created_at': '2025-05-19T11:41:18.007458'}] count=None
[2025-05-19 14:41:16] ✅ Successfully inserted: CALDO ANETO POLLO CON JAMON 1 L
[2025-05-19 14:41:16] Attempting to insert product: {'name': 'PURÉ MAGGI BOL 50 G', 'price': 1.29, 'category': 'Caldo y cremas', 'store_id': 'condisline', 'quantity': '25,80€/Kilo'}
[2025-05-19 14:41:17] Supabase Response: data=[{'name': 'PURÉ MAGGI BOL 50 G', 'price': 1.29, 'category': 'Caldo y cremas', 'store_id': 'condisline', 'quantity': '25,80€/Kilo', 'id': '79f19ef5-6705-4014-97a8-e5b9499d4844', 'created_at': '2025-05-19T11:41:18.270999'}] count=None
[2025-05-19 14:41:17] ✅ Successfully inserted: PURÉ MAGGI BOL 50 G
[2025-05-19 14:41:17] Attempting to insert product: {'name': 'CALDO AVECREM GALLINA BLANCA POLLO 18 PASTILLAS', 'price': 2.79, 'category': 'Caldo y cremas', 'store_id': 'condisline', 'quantity': '14,76€/Kilo'}
[2025-05-19 14:41:18] Supabase Response: data=[{'name': 'CALDO AVECREM GALLINA BLANCA POLLO 18 PASTILLAS', 'price': 2.79, 'category': 'Caldo y cremas', 'store_id': 'condisline', 'quantity': '14,76€/Kilo', 'id': '46e0b980-b2e4-4c9a-a243-a14c0ccf27fb', 'created_at': '2025-05-19T11:41:19.501758'}] count=None
[2025-05-19 14:41:18] ✅ Successfully inserted: CALDO AVECREM GALLINA BLANCA POLLO 18 PASTILLAS
[2025-05-19 14:41:18] Attempting to insert product: {'name': 'CREMA CONDIS CALABAZA 500 G', 'price': 1.05, 'category': 'Caldo y cremas', 'store_id': 'condisline', 'quantity': '2,10€/Litro'}
[2025-05-19 14:41:18] Supabase Response: data=[{'name': 'CREMA CONDIS CALABAZA 500 G', 'price': 1.05, 'category': 'Caldo y cremas', 'store_id': 'condisline', 'quantity': '2,10€/Litro', 'id': '73347117-ca12-451d-b6c9-4314e88709b4', 'created_at': '2025-05-19T11:41:20.234107'}] count=None
[2025-05-19 14:41:18] ✅ Successfully inserted: CREMA CONDIS CALABAZA 500 G
[2025-05-19 14:41:18] Attempting to insert product: {'name': 'CREMA CONDIS VERDURAS DEL HUERTO 500 G', 'price': 1.05, 'category': 'Caldo y cremas', 'store_id': 'condisline', 'quantity': '2,10€/Litro'}
[2025-05-19 14:41:18] Supabase Response: data=[{'name': 'CREMA CONDIS VERDURAS DEL HUERTO 500 G', 'price': 1.05, 'category': 'Caldo y cremas', 'store_id': 'condisline', 'quantity': '2,10€/Litro', 'id': '0cf24b87-1c76-4147-86b4-ad3661cbb28a', 'created_at': '2025-05-19T11:41:20.521282'}] count=None
[2025-05-19 14:41:18] ✅ Successfully inserted: CREMA CONDIS VERDURAS DEL HUERTO 500 G
[2025-05-19 14:41:18] Attempting to insert product: {'name': 'CALDO GALLO POLLO NATURAL 1 L', 'price': 1.99, 'category': 'Caldo y cremas', 'store_id': 'condisline', 'quantity': '1,99€/Litro'}
[2025-05-19 14:41:19] Supabase Response: data=[{'name': 'CALDO GALLO POLLO NATURAL 1 L', 'price': 1.99, 'category': 'Caldo y cremas', 'store_id': 'condisline', 'quantity': '1,99€/Litro', 'id': 'f649b51b-cfce-414c-932d-76bef8890be6', 'created_at': '2025-05-19T11:41:20.748866'}] count=None
[2025-05-19 14:41:19] ✅ Successfully inserted: CALDO GALLO POLLO NATURAL 1 L
[2025-05-19 14:41:19] Attempting to insert product: {'name': 'CALDO GALLINA BLANCA CASERO POLLO 0.5 L', 'price': 1.39, 'category': 'Caldo y cremas', 'store_id': 'condisline', 'quantity': '2,78€/Litro'}
[2025-05-19 14:41:19] Supabase Response: data=[{'name': 'CALDO GALLINA BLANCA CASERO POLLO 0.5 L', 'price': 1.39, 'category': 'Caldo y cremas', 'store_id': 'condisline', 'quantity': '2,78€/Litro', 'id': 'a9d8b5c3-7da7-4c24-ac94-19d8b934393b', 'created_at': '2025-05-19T11:41:21.04996'}] count=None
[2025-05-19 14:41:19] ✅ Successfully inserted: CALDO GALLINA BLANCA CASERO POLLO 0.5 L
[2025-05-19 14:41:19] Attempting to insert product: {'name': 'CREMA KNORR SETAS DEL BOSQUE 500 ML', 'price': 2.29, 'category': 'Caldo y cremas', 'store_id': 'condisline', 'quantity': '4,58€/Litro'}
[2025-05-19 14:41:19] Supabase Response: data=[{'name': 'CREMA KNORR SETAS DEL BOSQUE 500 ML', 'price': 2.29, 'category': 'Caldo y cremas', 'store_id': 'condisline', 'quantity': '4,58€/Litro', 'id': '3b571ed7-3bba-4754-9f31-6682af28d4e0', 'created_at': '2025-05-19T11:41:21.361718'}] count=None
[2025-05-19 14:41:19] ✅ Successfully inserted: CREMA KNORR SETAS DEL BOSQUE 500 ML
[2025-05-19 14:41:19] Attempting to insert product: {'name': 'CREMA KNORR CALABAZA 500 ML', 'price': 1.89, 'category': 'Caldo y cremas', 'store_id': 'condisline', 'quantity': '3,78€/Litro'}
[2025-05-19 14:41:19] Supabase Response: data=[{'name': 'CREMA KNORR CALABAZA 500 ML', 'price': 1.89, 'category': 'Caldo y cremas', 'store_id': 'condisline', 'quantity': '3,78€/Litro', 'id': 'e9239217-6464-4a38-9f75-dce5b57e87dd', 'created_at': '2025-05-19T11:41:21.646783'}] count=None
[2025-05-19 14:41:19] ✅ Successfully inserted: CREMA KNORR CALABAZA 500 ML
[2025-05-19 14:41:19] Attempting to insert product: {'name': 'CALDO CONDIS VERDURAS 1 L', 'price': 1.29, 'category': 'Caldo y cremas', 'store_id': 'condisline', 'quantity': '1,29€/Litro'}
[2025-05-19 14:41:20] Supabase Response: data=[{'name': 'CALDO CONDIS VERDURAS 1 L', 'price': 1.29, 'category': 'Caldo y cremas', 'store_id': 'condisline', 'quantity': '1,29€/Litro', 'id': '4a49edf9-9df9-497a-b68e-7142f2fc9d2e', 'created_at': '2025-05-19T11:41:21.896441'}] count=None
[2025-05-19 14:41:20] ✅ Successfully inserted: CALDO CONDIS VERDURAS 1 L
[2025-05-19 14:41:20] Attempting to insert product: {'name': 'CREMA ECO CONDIS CALABACIN 490 ML', 'price': 3.55, 'category': 'Caldo y cremas', 'store_id': 'condisline', 'quantity': '7,24€/Litro'}
[2025-05-19 14:41:20] Supabase Response: data=[{'name': 'CREMA ECO CONDIS CALABACIN 490 ML', 'price': 3.55, 'category': 'Caldo y cremas', 'store_id': 'condisline', 'quantity': '7,24€/Litro', 'id': '4c9ca668-3959-4492-ae39-f0ed16c8c397', 'created_at': '2025-05-19T11:41:22.283841'}] count=None
[2025-05-19 14:41:20] ✅ Successfully inserted: CREMA ECO CONDIS CALABACIN 490 ML
[2025-05-19 14:41:20] Attempting to insert product: {'name': 'CALDO GALLO VERDURAS 1 L', 'price': 1.99, 'category': 'Caldo y cremas', 'store_id': 'condisline', 'quantity': '1,99€/Litro'}
[2025-05-19 14:41:20] Supabase Response: data=[{'name': 'CALDO GALLO VERDURAS 1 L', 'price': 1.99, 'category': 'Caldo y cremas', 'store_id': 'condisline', 'quantity': '1,99€/Litro', 'id': '77b82187-d447-44aa-8bfe-733807b663d4', 'created_at': '2025-05-19T11:41:22.576175'}] count=None
[2025-05-19 14:41:20] ✅ Successfully inserted: CALDO GALLO VERDURAS 1 L
[2025-05-19 14:41:20] Attempting to insert product: {'name': 'CREMA KNORR DE ALICIA 500 ML', 'price': 2.29, 'category': 'Caldo y cremas', 'store_id': 'condisline', 'quantity': '4,58€/Litro'}
[2025-05-19 14:41:21] Supabase Response: data=[{'name': 'CREMA KNORR DE ALICIA 500 ML', 'price': 2.29, 'category': 'Caldo y cremas', 'store_id': 'condisline', 'quantity': '4,58€/Litro', 'id': '4d6837b7-064c-4879-8987-9bc46eaaf185', 'created_at': '2025-05-19T11:41:22.821554'}] count=None
[2025-05-19 14:41:21] ✅ Successfully inserted: CREMA KNORR DE ALICIA 500 ML
[2025-05-19 14:41:21] Attempting to insert product: {'name': 'CALDO ANETO POLLO ECOLÓGICO 1 L', 'price': 5.35, 'category': 'Caldo y cremas', 'store_id': 'condisline', 'quantity': '5,35€/Litro'}
[2025-05-19 14:41:21] Supabase Response: data=[{'name': 'CALDO ANETO POLLO ECOLÓGICO 1 L', 'price': 5.35, 'category': 'Caldo y cremas', 'store_id': 'condisline', 'quantity': '5,35€/Litro', 'id': '27ac0b3c-5e54-43a8-a70d-ac726f290ed5', 'created_at': '2025-05-19T11:41:23.126913'}] count=None
[2025-05-19 14:41:21] ✅ Successfully inserted: CALDO ANETO POLLO ECOLÓGICO 1 L
[2025-05-19 14:41:21] Attempting to insert product: {'name': 'CREMA GALLINA BLANCA POLLO CON VERDURAS 500 ML', 'price': 1.99, 'category': 'Caldo y cremas', 'store_id': 'condisline', 'quantity': '3,98€/Litro'}
[2025-05-19 14:41:21] Supabase Response: data=[{'name': 'CREMA GALLINA BLANCA POLLO CON VERDURAS 500 ML', 'price': 1.99, 'category': 'Caldo y cremas', 'store_id': 'condisline', 'quantity': '3,98€/Litro', 'id': 'a4eed6e3-7993-43c9-99da-56dbb4239dcc', 'created_at': '2025-05-19T11:41:23.389569'}] count=None
[2025-05-19 14:41:21] ✅ Successfully inserted: CREMA GALLINA BLANCA POLLO CON VERDURAS 500 ML
[2025-05-19 14:41:21] Attempting to insert product: {'name': 'CALDO NATURAL ANETO ESCUDELLA 1 L', 'price': 4.5, 'category': 'Caldo y cremas', 'store_id': 'condisline', 'quantity': '4,50€/Litro'}
[2025-05-19 14:41:21] Supabase Response: data=[{'name': 'CALDO NATURAL ANETO ESCUDELLA 1 L', 'price': 4.5, 'category': 'Caldo y cremas', 'store_id': 'condisline', 'quantity': '4,50€/Litro', 'id': '5eeeb38f-c42a-4c0a-999f-2706c2bd5510', 'created_at': '2025-05-19T11:41:23.618585'}] count=None
[2025-05-19 14:41:21] ✅ Successfully inserted: CALDO NATURAL ANETO ESCUDELLA 1 L
[2025-05-19 14:41:21] Attempting to insert product: {'name': 'CALDO CONDIS DESHIDRATADO VERDURAS 12 PASTILLAS', 'price': 0.82, 'category': 'Caldo y cremas', 'store_id': 'condisline', 'quantity': '6,83€/Kilo'}
[2025-05-19 14:41:22] Supabase Response: data=[{'name': 'CALDO CONDIS DESHIDRATADO VERDURAS 12 PASTILLAS', 'price': 0.82, 'category': 'Caldo y cremas', 'store_id': 'condisline', 'quantity': '6,83€/Kilo', 'id': '128eb59c-b43c-4fac-886c-cdd6b1cb566e', 'created_at': '2025-05-19T11:41:23.932235'}] count=None
[2025-05-19 14:41:22] ✅ Successfully inserted: CALDO CONDIS DESHIDRATADO VERDURAS 12 PASTILLAS
[2025-05-19 14:41:22] Attempting to insert product: {'name': 'CALDO GALLINA BLANCA PESCADO 2X 1 L', 'price': 4.19, 'category': 'Caldo y cremas', 'store_id': 'condisline', 'quantity': '2,10€/Litro'}
[2025-05-19 14:41:22] Supabase Response: data=[{'name': 'CALDO GALLINA BLANCA PESCADO 2X 1 L', 'price': 4.19, 'category': 'Caldo y cremas', 'store_id': 'condisline', 'quantity': '2,10€/Litro', 'id': '174c8a38-02dd-4e75-abfe-4ede2b9a64b0', 'created_at': '2025-05-19T11:41:24.321459'}] count=None
[2025-05-19 14:41:22] ✅ Successfully inserted: CALDO GALLINA BLANCA PESCADO 2X 1 L
[2025-05-19 14:41:22] Attempting to insert product: {'name': 'CALDO GALLO POLLO CON JAMÓN IBÉRICO 1 L', 'price': 1.99, 'category': 'Caldo y cremas', 'store_id': 'condisline', 'quantity': '1,99€/Litro'}
[2025-05-19 14:41:22] Supabase Response: data=[{'name': 'CALDO GALLO POLLO CON JAMÓN IBÉRICO 1 L', 'price': 1.99, 'category': 'Caldo y cremas', 'store_id': 'condisline', 'quantity': '1,99€/Litro', 'id': '9d83ee69-b699-4bdf-81b0-e927b3cecfcd', 'created_at': '2025-05-19T11:41:24.636019'}] count=None
[2025-05-19 14:41:22] ✅ Successfully inserted: CALDO GALLO POLLO CON JAMÓN IBÉRICO 1 L
[2025-05-19 14:41:22] Attempting to insert product: {'name': 'CALDO POLL GALLINA BLANCA JAMON GOURMET 1000 ML', 'price': 2.99, 'category': 'Caldo y cremas', 'store_id': 'condisline', 'quantity': '2,99€/Litro'}
[2025-05-19 14:41:23] Supabase Response: data=[{'name': 'CALDO POLL GALLINA BLANCA JAMON GOURMET 1000 ML', 'price': 2.99, 'category': 'Caldo y cremas', 'store_id': 'condisline', 'quantity': '2,99€/Litro', 'id': '794b850e-1fd3-40a7-86cc-fd9ba376c30c', 'created_at': '2025-05-19T11:41:24.894861'}] count=None
[2025-05-19 14:41:23] ✅ Successfully inserted: CALDO POLL GALLINA BLANCA JAMON GOURMET 1000 ML
[2025-05-19 14:41:23] Attempting to insert product: {'name': 'CALDO CONDIS DESHIDRATADO POLLO 12 PASTILLAS', 'price': 0.76, 'category': 'Caldo y cremas', 'store_id': 'condisline', 'quantity': '6,33€/Kilo'}
[2025-05-19 14:41:23] Supabase Response: data=[{'name': 'CALDO CONDIS DESHIDRATADO POLLO 12 PASTILLAS', 'price': 0.76, 'category': 'Caldo y cremas', 'store_id': 'condisline', 'quantity': '6,33€/Kilo', 'id': '34066215-79f6-4d3a-be40-e48211c36f09', 'created_at': '2025-05-19T11:41:25.235932'}] count=None
[2025-05-19 14:41:23] ✅ Successfully inserted: CALDO CONDIS DESHIDRATADO POLLO 12 PASTILLAS
[2025-05-19 14:41:23] Attempting to insert product: {'name': 'CALDO CONDIS PESCADO Y MARISCO 1 L', 'price': 1.05, 'category': 'Caldo y cremas', 'store_id': 'condisline', 'quantity': '1,05€/Litro'}
[2025-05-19 14:41:24] Supabase Response: data=[{'name': 'CALDO CONDIS PESCADO Y MARISCO 1 L', 'price': 1.05, 'category': 'Caldo y cremas', 'store_id': 'condisline', 'quantity': '1,05€/Litro', 'id': 'fc02f139-94dd-465b-9567-dfa2106a4801', 'created_at': '2025-05-19T11:41:25.697057'}] count=None
[2025-05-19 14:41:24] ✅ Successfully inserted: CALDO CONDIS PESCADO Y MARISCO 1 L
[2025-05-19 14:41:24] Attempting to insert product: {'name': 'PURÉ PATATA MOUSLINE CON LECHE  230 G', 'price': 2.65, 'category': 'Caldo y cremas', 'store_id': 'condisline', 'quantity': '11,52€/Kilo'}
[2025-05-19 14:41:24] Supabase Response: data=[{'name': 'PURÉ PATATA MOUSLINE CON LECHE  230 G', 'price': 2.65, 'category': 'Caldo y cremas', 'store_id': 'condisline', 'quantity': '11,52€/Kilo', 'id': 'a2a13b61-f0ce-483c-9c8f-adc9eff0b5f8', 'created_at': '2025-05-19T11:41:26.068663'}] count=None
[2025-05-19 14:41:24] ✅ Successfully inserted: PURÉ PATATA MOUSLINE CON LECHE  230 G
[2025-05-19 14:41:24] Attempting to insert product: {'name': 'CALDO ANETO DE PESCADO 100% NATURAL 1 L', 'price': 4.5, 'category': 'Caldo y cremas', 'store_id': 'condisline', 'quantity': '4,50€/Litro'}
[2025-05-19 14:41:24] Supabase Response: data=[{'name': 'CALDO ANETO DE PESCADO 100% NATURAL 1 L', 'price': 4.5, 'category': 'Caldo y cremas', 'store_id': 'condisline', 'quantity': '4,50€/Litro', 'id': 'de1a8f62-7f6e-497c-acba-4cfb6e267142', 'created_at': '2025-05-19T11:41:26.370022'}] count=None
[2025-05-19 14:41:24] ✅ Successfully inserted: CALDO ANETO DE PESCADO 100% NATURAL 1 L
[2025-05-19 14:41:24] Attempting to insert product: {'name': 'CREMA ECO CONDIS CALABAZA 500 ML', 'price': 3.55, 'category': 'Caldo y cremas', 'store_id': 'condisline', 'quantity': '7,10€/Litro'}
[2025-05-19 14:41:24] Supabase Response: data=[{'name': 'CREMA ECO CONDIS CALABAZA 500 ML', 'price': 3.55, 'category': 'Caldo y cremas', 'store_id': 'condisline', 'quantity': '7,10€/Litro', 'id': '42469307-60cd-43fe-86ed-584c29a2f339', 'created_at': '2025-05-19T11:41:26.645992'}] count=None
[2025-05-19 14:41:24] ✅ Successfully inserted: CREMA ECO CONDIS CALABAZA 500 ML
[2025-05-19 14:41:24] Attempting to insert product: {'name': 'CREMA GALLINA BLANCA CASERA VERDURAS 500 ML', 'price': 1.99, 'category': 'Caldo y cremas', 'store_id': 'condisline', 'quantity': '3,98€/Litro'}
[2025-05-19 14:41:25] Supabase Response: data=[{'name': 'CREMA GALLINA BLANCA CASERA VERDURAS 500 ML', 'price': 1.99, 'category': 'Caldo y cremas', 'store_id': 'condisline', 'quantity': '3,98€/Litro', 'id': '9583937a-7061-4092-88eb-687a985eabba', 'created_at': '2025-05-19T11:41:26.89305'}] count=None
[2025-05-19 14:41:25] ✅ Successfully inserted: CREMA GALLINA BLANCA CASERA VERDURAS 500 ML
[2025-05-19 14:41:25] Attempting to insert product: {'name': 'PURÉ DE PATATAS MOUSLINE ORIGINAL 230 G', 'price': 2.45, 'category': 'Caldo y cremas', 'store_id': 'condisline', 'quantity': '10,65€/Kilo'}
[2025-05-19 14:41:25] Supabase Response: data=[{'name': 'PURÉ DE PATATAS MOUSLINE ORIGINAL 230 G', 'price': 2.45, 'category': 'Caldo y cremas', 'store_id': 'condisline', 'quantity': '10,65€/Kilo', 'id': 'a700c5e4-500a-48d5-a788-db4d3475a1e3', 'created_at': '2025-05-19T11:41:27.1768'}] count=None
[2025-05-19 14:41:25] ✅ Successfully inserted: PURÉ DE PATATAS MOUSLINE ORIGINAL 230 G
[2025-05-19 14:41:25] Attempting to insert product: {'name': 'CALDO CONDIS PESCADO 1 L', 'price': 1.39, 'category': 'Caldo y cremas', 'store_id': 'condisline', 'quantity': '1,39€/Litro'}
[2025-05-19 14:41:25] Supabase Response: data=[{'name': 'CALDO CONDIS PESCADO 1 L', 'price': 1.39, 'category': 'Caldo y cremas', 'store_id': 'condisline', 'quantity': '1,39€/Litro', 'id': '623332a4-51d4-4840-a757-0b963f0ee8bf', 'created_at': '2025-05-19T11:41:27.397182'}] count=None
[2025-05-19 14:41:25] ✅ Successfully inserted: CALDO CONDIS PESCADO 1 L
[2025-05-19 14:41:25] Attempting to insert product: {'name': 'CREMA KNORR DE CALABACÍN 500 ML', 'price': 2.29, 'category': 'Caldo y cremas', 'store_id': 'condisline', 'quantity': '4,58€/Litro'}
[2025-05-19 14:41:26] Supabase Response: data=[{'name': 'CREMA KNORR DE CALABACÍN 500 ML', 'price': 2.29, 'category': 'Caldo y cremas', 'store_id': 'condisline', 'quantity': '4,58€/Litro', 'id': '4bbb29d2-597b-4bd0-9e89-12f5a3432e01', 'created_at': '2025-05-19T11:41:27.876091'}] count=None
[2025-05-19 14:41:26] ✅ Successfully inserted: CREMA KNORR DE CALABACÍN 500 ML
[2025-05-19 14:41:26] Attempting to insert product: {'name': 'CREMA GALLINA BLANCA CASERA CALABAZA 500 ML', 'price': 1.99, 'category': 'Caldo y cremas', 'store_id': 'condisline', 'quantity': '3,98€/Litro'}
[2025-05-19 14:41:26] Supabase Response: data=[{'name': 'CREMA GALLINA BLANCA CASERA CALABAZA 500 ML', 'price': 1.99, 'category': 'Caldo y cremas', 'store_id': 'condisline', 'quantity': '3,98€/Litro', 'id': '4a84b571-3657-4a14-8498-4b5e89d38aa7', 'created_at': '2025-05-19T11:41:28.102401'}] count=None
[2025-05-19 14:41:26] ✅ Successfully inserted: CREMA GALLINA BLANCA CASERA CALABAZA 500 ML
[2025-05-19 14:41:26] Attempting to insert product: {'name': 'CALDO ANETO PUCHERO 1 L', 'price': 4.5, 'category': 'Caldo y cremas', 'store_id': 'condisline', 'quantity': '4,50€/Litro'}
[2025-05-19 14:41:26] Supabase Response: data=[{'name': 'CALDO ANETO PUCHERO 1 L', 'price': 4.5, 'category': 'Caldo y cremas', 'store_id': 'condisline', 'quantity': '4,50€/Litro', 'id': '1d5a90c4-8061-4c38-a9df-e2d2618cf35d', 'created_at': '2025-05-19T11:41:28.424557'}] count=None
[2025-05-19 14:41:26] ✅ Successfully inserted: CALDO ANETO PUCHERO 1 L
[2025-05-19 14:41:26] Attempting to insert product: {'name': 'CALDO GALLO ESCUDELLA 1 L', 'price': 1.99, 'category': 'Caldo y cremas', 'store_id': 'condisline', 'quantity': '1,99€/Litro'}
[2025-05-19 14:41:27] Supabase Response: data=[{'name': 'CALDO GALLO ESCUDELLA 1 L', 'price': 1.99, 'category': 'Caldo y cremas', 'store_id': 'condisline', 'quantity': '1,99€/Litro', 'id': 'efe5c6ec-5cf9-444c-910a-674d01e4edff', 'created_at': '2025-05-19T11:41:28.72019'}] count=None
[2025-05-19 14:41:27] ✅ Successfully inserted: CALDO GALLO ESCUDELLA 1 L
[2025-05-19 14:41:27] Attempting to insert product: {'name': 'CALDO CONDIS POLLO 1 L', 'price': 1.15, 'category': 'Caldo y cremas', 'store_id': 'condisline', 'quantity': '1,15€/Litro'}
[2025-05-19 14:41:27] Supabase Response: data=[{'name': 'CALDO CONDIS POLLO 1 L', 'price': 1.15, 'category': 'Caldo y cremas', 'store_id': 'condisline', 'quantity': '1,15€/Litro', 'id': '4fbfd9f4-1667-484c-ac27-8a86ca691c4d', 'created_at': '2025-05-19T11:41:29.127583'}] count=None
[2025-05-19 14:41:27] ✅ Successfully inserted: CALDO CONDIS POLLO 1 L
[2025-05-19 14:41:27] Attempting to insert product: {'name': 'CALDO CONDIS DESHIDRATADO CARNE 12 PASTILLAS', 'price': 0.82, 'category': 'Caldo y cremas', 'store_id': 'condisline', 'quantity': '6,83€/Kilo'}
[2025-05-19 14:41:27] Supabase Response: data=[{'name': 'CALDO CONDIS DESHIDRATADO CARNE 12 PASTILLAS', 'price': 0.82, 'category': 'Caldo y cremas', 'store_id': 'condisline', 'quantity': '6,83€/Kilo', 'id': '52a07476-9db3-439d-8e91-7aa161a1c72a', 'created_at': '2025-05-19T11:41:29.466744'}] count=None
[2025-05-19 14:41:27] ✅ Successfully inserted: CALDO CONDIS DESHIDRATADO CARNE 12 PASTILLAS
[2025-05-19 14:41:27] Attempting to insert product: {'name': 'CREMA BIO CASA AMELLA CALABAZA 500 ML', 'price': 4.55, 'category': 'Caldo y cremas', 'store_id': 'condisline', 'quantity': '9,10€/Litro'}
[2025-05-19 14:41:27] Supabase Response: data=[{'name': 'CREMA BIO CASA AMELLA CALABAZA 500 ML', 'price': 4.55, 'category': 'Caldo y cremas', 'store_id': 'condisline', 'quantity': '9,10€/Litro', 'id': '1b415680-d8f0-47aa-8775-9f0f0d27324e', 'created_at': '2025-05-19T11:41:29.697604'}] count=None
[2025-05-19 14:41:27] ✅ Successfully inserted: CREMA BIO CASA AMELLA CALABAZA 500 ML
[2025-05-19 14:41:27] Attempting to insert product: {'name': 'CALDO AVECREM POLLO 8 PASTILLAS', 'price': 1.29, 'category': 'Caldo y cremas', 'store_id': 'condisline', 'quantity': '17,92€/Kilo'}
[2025-05-19 14:41:28] Supabase Response: data=[{'name': 'CALDO AVECREM POLLO 8 PASTILLAS', 'price': 1.29, 'category': 'Caldo y cremas', 'store_id': 'condisline', 'quantity': '17,92€/Kilo', 'id': 'a249a134-57a3-4adb-a69e-a21273a6b5f5', 'created_at': '2025-05-19T11:41:29.943417'}] count=None
[2025-05-19 14:41:28] ✅ Successfully inserted: CALDO AVECREM POLLO 8 PASTILLAS
[2025-05-19 14:41:28] Attempting to insert product: {'name': 'CREMA BIO CASA AMELLA CALABACIN 500 G', 'price': 4.55, 'category': 'Caldo y cremas', 'store_id': 'condisline', 'quantity': '9,10€/Kilo'}
[2025-05-19 14:41:28] Supabase Response: data=[{'name': 'CREMA BIO CASA AMELLA CALABACIN 500 G', 'price': 4.55, 'category': 'Caldo y cremas', 'store_id': 'condisline', 'quantity': '9,10€/Kilo', 'id': '0c43a30c-1757-42ea-a0e1-a155c383658f', 'created_at': '2025-05-19T11:41:30.199201'}] count=None
[2025-05-19 14:41:28] ✅ Successfully inserted: CREMA BIO CASA AMELLA CALABACIN 500 G
[2025-05-19 14:41:28] Attempting to insert product: {'name': 'FUMET ANETO PESCADO 1 L', 'price': 6.9, 'category': 'Caldo y cremas', 'store_id': 'condisline', 'quantity': '6,90€/Litro'}
[2025-05-19 14:41:28] Supabase Response: data=[{'name': 'FUMET ANETO PESCADO 1 L', 'price': 6.9, 'category': 'Caldo y cremas', 'store_id': 'condisline', 'quantity': '6,90€/Litro', 'id': 'ca1144f4-d230-4120-970d-9c601e5213d5', 'created_at': '2025-05-19T11:41:30.434766'}] count=None
[2025-05-19 14:41:28] ✅ Successfully inserted: FUMET ANETO PESCADO 1 L
[2025-05-19 14:41:28] Attempting to insert product: {'name': 'CREMA GALLINA BLANCA ESPÁRRAGO/JAMÓN 500 ML', 'price': 1.99, 'category': 'Caldo y cremas', 'store_id': 'condisline', 'quantity': '3,98€/Litro'}
[2025-05-19 14:41:28] Supabase Response: data=[{'name': 'CREMA GALLINA BLANCA ESPÁRRAGO/JAMÓN 500 ML', 'price': 1.99, 'category': 'Caldo y cremas', 'store_id': 'condisline', 'quantity': '3,98€/Litro', 'id': '5103ba65-845f-4792-beb1-56d26036e19f', 'created_at': '2025-05-19T11:41:30.677768'}] count=None
[2025-05-19 14:41:28] ✅ Successfully inserted: CREMA GALLINA BLANCA ESPÁRRAGO/JAMÓN 500 ML
[2025-05-19 14:41:28] Attempting to insert product: {'name': 'CALDO ANETO PAELLA MARINERA 1 L', 'price': 5.25, 'category': 'Caldo y cremas', 'store_id': 'condisline', 'quantity': '5,25€/Litro'}
[2025-05-19 14:41:29] Supabase Response: data=[{'name': 'CALDO ANETO PAELLA MARINERA 1 L', 'price': 5.25, 'category': 'Caldo y cremas', 'store_id': 'condisline', 'quantity': '5,25€/Litro', 'id': 'c3c836a9-ef31-43d2-9ac9-9e7bbb89cc26', 'created_at': '2025-05-19T11:41:30.996358'}] count=None
[2025-05-19 14:41:29] ✅ Successfully inserted: CALDO ANETO PAELLA MARINERA 1 L
[2025-05-19 14:41:29] Attempting to insert product: {'name': 'CALDO KNORR DOBLE 12 PASTILLAS', 'price': 1.65, 'category': 'Caldo y cremas', 'store_id': 'condisline', 'quantity': '13,75€/Kilo'}
[2025-05-19 14:41:29] Supabase Response: data=[{'name': 'CALDO KNORR DOBLE 12 PASTILLAS', 'price': 1.65, 'category': 'Caldo y cremas', 'store_id': 'condisline', 'quantity': '13,75€/Kilo', 'id': '332e0fbb-3e42-4dd5-8b4e-fbcaf3206d3b', 'created_at': '2025-05-19T11:41:31.290877'}] count=None
[2025-05-19 14:41:29] ✅ Successfully inserted: CALDO KNORR DOBLE 12 PASTILLAS
[2025-05-19 14:41:29] Attempting to insert product: {'name': 'CREMA KNORR MEDITERRANEA 500 ML', 'price': 1.89, 'category': 'Caldo y cremas', 'store_id': 'condisline', 'quantity': '3,78€/Litro'}
[2025-05-19 14:41:29] Supabase Response: data=[{'name': 'CREMA KNORR MEDITERRANEA 500 ML', 'price': 1.89, 'category': 'Caldo y cremas', 'store_id': 'condisline', 'quantity': '3,78€/Litro', 'id': '838bb884-0d77-4d6b-a147-b8fe970b732f', 'created_at': '2025-05-19T11:41:31.532545'}] count=None
[2025-05-19 14:41:29] ✅ Successfully inserted: CREMA KNORR MEDITERRANEA 500 ML
[2025-05-19 14:41:29] Attempting to insert product: {'name': 'CREMA BIO CASA AMELLA ZANAHORIA 500 ML', 'price': 4.55, 'category': 'Caldo y cremas', 'store_id': 'condisline', 'quantity': '9,10€/Litro'}
[2025-05-19 14:41:29] Supabase Response: data=[{'name': 'CREMA BIO CASA AMELLA ZANAHORIA 500 ML', 'price': 4.55, 'category': 'Caldo y cremas', 'store_id': 'condisline', 'quantity': '9,10€/Litro', 'id': '5b55e9b6-c351-4e66-baef-933852fe4fdc', 'created_at': '2025-05-19T11:41:31.785346'}] count=None
[2025-05-19 14:41:29] ✅ Successfully inserted: CREMA BIO CASA AMELLA ZANAHORIA 500 ML
[2025-05-19 14:41:29] Attempting to insert product: {'name': 'CALDO GOURMET GALLINA BLANCA PESCADO BOGAVANTE 1 L', 'price': 2.99, 'category': 'Caldo y cremas', 'store_id': 'condisline', 'quantity': '2,99€/Litro'}
[2025-05-19 14:41:30] Supabase Response: data=[{'name': 'CALDO GOURMET GALLINA BLANCA PESCADO BOGAVANTE 1 L', 'price': 2.99, 'category': 'Caldo y cremas', 'store_id': 'condisline', 'quantity': '2,99€/Litro', 'id': 'fce510f2-edfd-4a35-9dc4-df77b93c05ca', 'created_at': '2025-05-19T11:41:32.02497'}] count=None
[2025-05-19 14:41:30] ✅ Successfully inserted: CALDO GOURMET GALLINA BLANCA PESCADO BOGAVANTE 1 L
[2025-05-19 14:41:30] Attempting to insert product: {'name': 'CREMA ECO CONDIS CALABACÍN 250 ML', 'price': 2.55, 'category': 'Caldo y cremas', 'store_id': 'condisline', 'quantity': '10,20€/Litro'}
[2025-05-19 14:41:30] Supabase Response: data=[{'name': 'CREMA ECO CONDIS CALABACÍN 250 ML', 'price': 2.55, 'category': 'Caldo y cremas', 'store_id': 'condisline', 'quantity': '10,20€/Litro', 'id': '80248dca-44d3-42a4-9461-ce338008c9cc', 'created_at': '2025-05-19T11:41:32.302038'}] count=None
[2025-05-19 14:41:30] ✅ Successfully inserted: CREMA ECO CONDIS CALABACÍN 250 ML
[2025-05-19 14:41:30] Attempting to insert product: {'name': 'FUMET  DE PESCADO 1 L', 'price': 4.99, 'category': 'Caldo y cremas', 'store_id': 'condisline', 'quantity': '4,99€/Kilo'}
[2025-05-19 14:41:30] Supabase Response: data=[{'name': 'FUMET  DE PESCADO 1 L', 'price': 4.99, 'category': 'Caldo y cremas', 'store_id': 'condisline', 'quantity': '4,99€/Kilo', 'id': 'cb37d794-7165-4639-a904-bc90aaaa59f4', 'created_at': '2025-05-19T11:41:32.549562'}] count=None
[2025-05-19 14:41:30] ✅ Successfully inserted: FUMET  DE PESCADO 1 L
[2025-05-19 14:41:30] Attempting to insert product: {'name': 'CALDO CONDIS DESHIDRATADO PESCADO 12 PASTILLAS', 'price': 0.82, 'category': 'Caldo y cremas', 'store_id': 'condisline', 'quantity': '6,83€/Kilo'}
[2025-05-19 14:41:31] Supabase Response: data=[{'name': 'CALDO CONDIS DESHIDRATADO PESCADO 12 PASTILLAS', 'price': 0.82, 'category': 'Caldo y cremas', 'store_id': 'condisline', 'quantity': '6,83€/Kilo', 'id': '9f6aaa99-5d71-4ca8-bdc3-885fb93a370c', 'created_at': '2025-05-19T11:41:32.832845'}] count=None
[2025-05-19 14:41:31] ✅ Successfully inserted: CALDO CONDIS DESHIDRATADO PESCADO 12 PASTILLAS
[2025-05-19 14:41:31] Attempting to insert product: {'name': 'CALDO AVECREM POLLO BAJO EN SAL 10 PASTILLAS', 'price': 1.65, 'category': 'Caldo y cremas', 'store_id': 'condisline', 'quantity': '17,37€/Kilo'}
[2025-05-19 14:41:31] Supabase Response: data=[{'name': 'CALDO AVECREM POLLO BAJO EN SAL 10 PASTILLAS', 'price': 1.65, 'category': 'Caldo y cremas', 'store_id': 'condisline', 'quantity': '17,37€/Kilo', 'id': '0cef10df-651a-4a69-a46d-b6559e56053f', 'created_at': '2025-05-19T11:41:33.062049'}] count=None
[2025-05-19 14:41:31] ✅ Successfully inserted: CALDO AVECREM POLLO BAJO EN SAL 10 PASTILLAS
[2025-05-19 14:41:31] Attempting to insert product: {'name': 'CALDO GALLINA BLANCA PAELLA PACK 2 UNIDADES', 'price': 6.49, 'category': 'Caldo y cremas', 'store_id': 'condisline', 'quantity': '3,25€/Litro'}
[2025-05-19 14:41:31] Supabase Response: data=[{'name': 'CALDO GALLINA BLANCA PAELLA PACK 2 UNIDADES', 'price': 6.49, 'category': 'Caldo y cremas', 'store_id': 'condisline', 'quantity': '3,25€/Litro', 'id': '969c4977-a081-4023-8777-74b6c5f70f22', 'created_at': '2025-05-19T11:41:33.322669'}] count=None
[2025-05-19 14:41:31] ✅ Successfully inserted: CALDO GALLINA BLANCA PAELLA PACK 2 UNIDADES
[2025-05-19 14:41:31] Attempting to insert product: {'name': 'CALDO NATURAL ANETO POLLO ASADO 1 L', 'price': 4.5, 'category': 'Caldo y cremas', 'store_id': 'condisline', 'quantity': '4,50€/Litro'}
[2025-05-19 14:41:31] Supabase Response: data=[{'name': 'CALDO NATURAL ANETO POLLO ASADO 1 L', 'price': 4.5, 'category': 'Caldo y cremas', 'store_id': 'condisline', 'quantity': '4,50€/Litro', 'id': '532a4d25-bc32-4beb-88c7-fa8b347a965c', 'created_at': '2025-05-19T11:41:33.553338'}] count=None
[2025-05-19 14:41:31] ✅ Successfully inserted: CALDO NATURAL ANETO POLLO ASADO 1 L
[2025-05-19 18:09:05] Attempting to insert product: {'name': 'Filetes de lomo de cerdo', 'price': 3.15, 'category': 'general', 'store_id': 'aldi_es', 'quantity': '1 unit'}
[2025-05-19 18:09:07] Supabase Response: data=[{'name': 'Filetes de lomo de cerdo', 'price': 3.15, 'category': 'general', 'store_id': 'aldi_es', 'quantity': '1 unit', 'id': '0f6c36a0-7499-4540-932e-e1506f7f72ea', 'created_at': '2025-05-19T15:09:08.997584'}] count=None
[2025-05-19 18:09:07] ✅ Successfully inserted: Filetes de lomo de cerdo
[2025-05-19 18:09:07] Attempting to insert product: {'name': 'Pechuga entera de pollo', 'price': 2.95, 'category': 'general', 'store_id': 'aldi_es', 'quantity': '1 unit'}
[2025-05-19 18:09:07] Supabase Response: data=[{'name': 'Pechuga entera de pollo', 'price': 2.95, 'category': 'general', 'store_id': 'aldi_es', 'quantity': '1 unit', 'id': '6af70e69-d57f-4f02-98ca-a564a7a85cc1', 'created_at': '2025-05-19T15:09:09.587427'}] count=None
[2025-05-19 18:09:07] ✅ Successfully inserted: Pechuga entera de pollo
[2025-05-19 18:09:07] Attempting to insert product: {'name': 'Entrecot de vacuno', 'price': 7.15, 'category': 'general', 'store_id': 'aldi_es', 'quantity': '1 unit'}
[2025-05-19 18:09:08] Supabase Response: data=[{'name': 'Entrecot de vacuno', 'price': 7.15, 'category': 'general', 'store_id': 'aldi_es', 'quantity': '1 unit', 'id': 'd6418b2d-d1e6-4fc1-ac2d-bb1d626e1ff8', 'created_at': '2025-05-19T15:09:09.974808'}] count=None
[2025-05-19 18:09:08] ✅ Successfully inserted: Entrecot de vacuno
[2025-05-19 18:09:08] Attempting to insert product: {'name': 'Chuletas de pavo adobadas al ajillo', 'price': 3.55, 'category': 'general', 'store_id': 'aldi_es', 'quantity': '1 unit'}
[2025-05-19 18:09:08] Supabase Response: data=[{'name': 'Chuletas de pavo adobadas al ajillo', 'price': 3.55, 'category': 'general', 'store_id': 'aldi_es', 'quantity': '1 unit', 'id': '8f737297-4f4c-4a75-9687-ce410d9f7dcf', 'created_at': '2025-05-19T15:09:10.609353'}] count=None
[2025-05-19 18:09:08] ✅ Successfully inserted: Chuletas de pavo adobadas al ajillo
[2025-05-19 18:09:08] Attempting to insert product: {'name': 'Saco de dormir de muselina', 'price': 7.99, 'category': 'general', 'store_id': 'aldi_es', 'quantity': '1 unit'}
[2025-05-19 18:09:09] Supabase Response: data=[{'name': 'Saco de dormir de muselina', 'price': 7.99, 'category': 'general', 'store_id': 'aldi_es', 'quantity': '1 unit', 'id': 'e95eba98-bfce-4dbd-83cc-0321583d37e4', 'created_at': '2025-05-19T15:09:11.177782'}] count=None
[2025-05-19 18:09:09] ✅ Successfully inserted: Saco de dormir de muselina
[2025-05-19 18:09:09] Attempting to insert product: {'name': 'Conjunto', 'price': 5.99, 'category': 'general', 'store_id': 'aldi_es', 'quantity': '1 unit'}
[2025-05-19 18:09:09] Supabase Response: data=[{'name': 'Conjunto', 'price': 5.99, 'category': 'general', 'store_id': 'aldi_es', 'quantity': '1 unit', 'id': '61ba0ba1-f648-4419-b740-e35d479e22ce', 'created_at': '2025-05-19T15:09:11.482664'}] count=None
[2025-05-19 18:09:09] ✅ Successfully inserted: Conjunto
[2025-05-19 18:09:09] Attempting to insert product: {'name': 'Gorra / Sombrero / Baberos de muselina', 'price': 3.99, 'category': 'general', 'store_id': 'aldi_es', 'quantity': '1 unit'}
[2025-05-19 18:09:09] Supabase Response: data=[{'name': 'Gorra / Sombrero / Baberos de muselina', 'price': 3.99, 'category': 'general', 'store_id': 'aldi_es', 'quantity': '1 unit', 'id': 'ae406912-e656-41ab-85f9-d2f89561c703', 'created_at': '2025-05-19T15:09:11.793648'}] count=None
[2025-05-19 18:09:09] ✅ Successfully inserted: Gorra / Sombrero / Baberos de muselina
[2025-05-19 18:09:09] Attempting to insert product: {'name': 'Peluche', 'price': 7.99, 'category': 'general', 'store_id': 'aldi_es', 'quantity': '1 unit'}
[2025-05-19 18:09:10] Supabase Response: data=[{'name': 'Peluche', 'price': 7.99, 'category': 'general', 'store_id': 'aldi_es', 'quantity': '1 unit', 'id': '4ec98af9-ee2c-4bbe-a09b-6a136541de00', 'created_at': '2025-05-19T15:09:12.194421'}] count=None
[2025-05-19 18:09:10] ✅ Successfully inserted: Peluche
[2025-05-20 10:51:57] ❌ Exception in get_categories_by_store: {'code': '42P01', 'details': None, 'hint': None, 'message': 'relation "public.categories" does not exist'}
[2025-05-20 10:52:57] ❌ Exception in get_categories_by_store: {'code': '42P01', 'details': None, 'hint': None, 'message': 'relation "public.categories" does not exist'}
[2025-05-20 10:54:48] ❌ Exception in get_categories_by_store: {'code': '42P01', 'details': None, 'hint': None, 'message': 'relation "public.categories" does not exist'}
[2025-05-20 11:03:45] Scraping category: Fruits - https://www.carrefour.es/supermercado/fruta/cat20010/c
[2025-05-20 11:03:52] Scraping category: Vegetables - https://www.carrefour.es/supermercado/verdura/cat20011/c
[2025-05-20 11:06:26] Scraping category: Fruits - https://www.carrefour.es/supermercado/fruta/cat20010/c
[2025-05-20 11:06:30] Scraping category: Vegetables - https://www.carrefour.es/supermercado/verdura/cat20011/c
[2025-05-20 11:07:57] Scraping category: Fruits - https://www.carrefour.es/supermercado/fruta/cat20010/c
[2025-05-20 11:08:01] Scraping category: Vegetables - https://www.carrefour.es/supermercado/verdura/cat20011/c
[2025-05-20 11:10:53] Scraping category: Fruits - https://www.carrefour.es/supermercado/fruta/cat20010/c
[2025-05-20 11:10:56] 🧾 Saved HTML dump for Fruits
[2025-05-20 11:10:56] Scraping category: Vegetables - https://www.carrefour.es/supermercado/verdura/cat20011/c
[2025-05-20 11:11:00] 🧾 Saved HTML dump for Vegetables
[2025-05-20 11:13:33] 🔎 Scraping category: Fruits
[2025-05-20 11:13:35] ❌ Failed to scrape Fruits: Page.goto: net::ERR_PROXY_CONNECTION_FAILED at https://www.carrefour.es/supermercado/fruta/cat20010/c
Call log:
  - navigating to "https://www.carrefour.es/supermercado/fruta/cat20010/c", waiting until "load"

[2025-05-20 11:13:35] 🔎 Scraping category: Vegetables
[2025-05-20 11:13:38] ❌ Failed to scrape Vegetables: Page.goto: net::ERR_PROXY_CONNECTION_FAILED at https://www.carrefour.es/supermercado/verdura/cat20011/c
Call log:
  - navigating to "https://www.carrefour.es/supermercado/verdura/cat20011/c", waiting until "load"

[2025-05-20 11:13:56] 🔎 Scraping category: Fruits
[2025-05-20 11:13:59] ❌ Failed to scrape Fruits: Page.goto: net::ERR_PROXY_CONNECTION_FAILED at https://www.carrefour.es/supermercado/fruta/cat20010/c
Call log:
  - navigating to "https://www.carrefour.es/supermercado/fruta/cat20010/c", waiting until "load"

[2025-05-20 11:13:59] 🔎 Scraping category: Vegetables
[2025-05-20 11:14:01] ❌ Failed to scrape Vegetables: Page.goto: net::ERR_PROXY_CONNECTION_FAILED at https://www.carrefour.es/supermercado/verdura/cat20011/c
Call log:
  - navigating to "https://www.carrefour.es/supermercado/verdura/cat20011/c", waiting until "load"

[2025-05-21 15:13:21] Attempting to insert product: {'name': 'Filetes de lomo de cerdo', 'price': 3.15, 'category': 'general', 'store_id': 'aldi_es', 'quantity': '1 unit'}
[2025-05-21 15:13:30] Supabase Response: data=[{'name': 'Filetes de lomo de cerdo', 'price': 3.15, 'category': 'general', 'store_id': 'aldi_es', 'quantity': '1 unit', 'id': '9d7ecb3c-5a6a-4df5-bffb-a6edfac6694d', 'created_at': '2025-05-21T12:13:29.377113'}] count=None
[2025-05-21 15:13:30] ✅ Successfully inserted: Filetes de lomo de cerdo
[2025-05-21 15:13:30] Attempting to insert product: {'name': 'Pechuga entera de pollo', 'price': 2.95, 'category': 'general', 'store_id': 'aldi_es', 'quantity': '1 unit'}
[2025-05-21 15:13:31] Supabase Response: data=[{'name': 'Pechuga entera de pollo', 'price': 2.95, 'category': 'general', 'store_id': 'aldi_es', 'quantity': '1 unit', 'id': '2624cf5a-bb83-4ca2-98b9-3068fec2c161', 'created_at': '2025-05-21T12:13:30.627828'}] count=None
[2025-05-21 15:13:31] ✅ Successfully inserted: Pechuga entera de pollo
[2025-05-21 15:13:31] Attempting to insert product: {'name': 'Entrecot de vacuno', 'price': 7.15, 'category': 'general', 'store_id': 'aldi_es', 'quantity': '1 unit'}
[2025-05-21 15:13:31] Supabase Response: data=[{'name': 'Entrecot de vacuno', 'price': 7.15, 'category': 'general', 'store_id': 'aldi_es', 'quantity': '1 unit', 'id': '8b8caa23-a010-4c59-9f36-2609762e058d', 'created_at': '2025-05-21T12:13:31.727028'}] count=None
[2025-05-21 15:13:31] ✅ Successfully inserted: Entrecot de vacuno
[2025-05-21 15:13:31] Attempting to insert product: {'name': 'Chuletas de pavo adobadas al ajillo', 'price': 3.55, 'category': 'general', 'store_id': 'aldi_es', 'quantity': '1 unit'}
[2025-05-21 15:13:32] Supabase Response: data=[{'name': 'Chuletas de pavo adobadas al ajillo', 'price': 3.55, 'category': 'general', 'store_id': 'aldi_es', 'quantity': '1 unit', 'id': '216ee475-d5a6-49b4-a23d-001dac4aa8e2', 'created_at': '2025-05-21T12:13:32.325522'}] count=None
[2025-05-21 15:13:32] ✅ Successfully inserted: Chuletas de pavo adobadas al ajillo
[2025-05-21 15:13:32] Attempting to insert product: {'name': 'Saco de dormir de muselina', 'price': 7.99, 'category': 'general', 'store_id': 'aldi_es', 'quantity': '1 unit'}
[2025-05-21 15:13:34] Supabase Response: data=[{'name': 'Saco de dormir de muselina', 'price': 7.99, 'category': 'general', 'store_id': 'aldi_es', 'quantity': '1 unit', 'id': '5ac94ad4-1db3-4a1e-acc2-12bc25208701', 'created_at': '2025-05-21T12:13:32.959119'}] count=None
[2025-05-21 15:13:34] ✅ Successfully inserted: Saco de dormir de muselina
[2025-05-21 15:13:34] Attempting to insert product: {'name': 'Conjunto', 'price': 5.99, 'category': 'general', 'store_id': 'aldi_es', 'quantity': '1 unit'}
[2025-05-21 15:13:34] Supabase Response: data=[{'name': 'Conjunto', 'price': 5.99, 'category': 'general', 'store_id': 'aldi_es', 'quantity': '1 unit', 'id': 'f22aaea3-286e-4999-b26d-0fff15677bc0', 'created_at': '2025-05-21T12:13:34.60233'}] count=None
[2025-05-21 15:13:34] ✅ Successfully inserted: Conjunto
[2025-05-21 15:13:34] Attempting to insert product: {'name': 'Gorra / Sombrero / Baberos de muselina', 'price': 3.99, 'category': 'general', 'store_id': 'aldi_es', 'quantity': '1 unit'}
[2025-05-21 15:13:35] Supabase Response: data=[{'name': 'Gorra / Sombrero / Baberos de muselina', 'price': 3.99, 'category': 'general', 'store_id': 'aldi_es', 'quantity': '1 unit', 'id': '8d0c627f-568c-40d3-be43-79c813907c6a', 'created_at': '2025-05-21T12:13:34.922961'}] count=None
[2025-05-21 15:13:35] ✅ Successfully inserted: Gorra / Sombrero / Baberos de muselina
[2025-05-21 15:13:35] Attempting to insert product: {'name': 'Peluche', 'price': 7.99, 'category': 'general', 'store_id': 'aldi_es', 'quantity': '1 unit'}
[2025-05-21 15:13:35] Supabase Response: data=[{'name': 'Peluche', 'price': 7.99, 'category': 'general', 'store_id': 'aldi_es', 'quantity': '1 unit', 'id': 'f3a9a20e-4d25-403e-ae6e-408fdd41ab7c', 'created_at': '2025-05-21T12:13:35.23743'}] count=None
[2025-05-21 15:13:35] ✅ Successfully inserted: Peluche
[2025-05-21 15:23:14] 🌐 Visiting: https://www.bonarea-online.com/online/carns-i-ous
[2025-05-21 15:23:33] 🔎 Found 24 product(s) in category 'carn'
[2025-05-21 15:23:33] Attempting to insert product: {'name': 'Gaspatxo', 'price': 2.85, 'category': 'carn', 'store_id': 'bonarea', 'quantity': '1 l'}
[2025-05-21 15:23:35] Supabase Response: data=[{'name': 'Gaspatxo', 'price': 2.85, 'category': 'carn', 'store_id': 'bonarea', 'quantity': '1 l', 'id': '6a3a3612-30f5-45fe-84f7-08c11b11df02', 'created_at': '2025-05-21T12:23:34.879895'}] count=None
[2025-05-21 15:23:35] ✅ Successfully inserted: Gaspatxo
[2025-05-21 15:23:35] ✅ Gaspatxo — 2.85 (1 l)
[2025-05-21 15:23:35] Attempting to insert product: {'name': 'Salmorejo', 'price': 3.15, 'category': 'carn', 'store_id': 'bonarea', 'quantity': '1 l'}
[2025-05-21 15:23:35] Supabase Response: data=[{'name': 'Salmorejo', 'price': 3.15, 'category': 'carn', 'store_id': 'bonarea', 'quantity': '1 l', 'id': '33c4cfab-85e8-49ed-bfbe-b1c94c9f3126', 'created_at': '2025-05-21T12:23:35.761962'}] count=None
[2025-05-21 15:23:35] ✅ Successfully inserted: Salmorejo
[2025-05-21 15:23:35] ✅ Salmorejo — 3.15 (1 l)
[2025-05-21 15:23:36] Attempting to insert product: {'name': 'Gaspatxo bric', 'price': 1.95, 'category': 'carn', 'store_id': 'bonarea', 'quantity': '1 l'}
[2025-05-21 15:23:36] Supabase Response: data=[{'name': 'Gaspatxo bric', 'price': 1.95, 'category': 'carn', 'store_id': 'bonarea', 'quantity': '1 l', 'id': '93430bfa-7ede-4f28-ab70-b7b90b80d368', 'created_at': '2025-05-21T12:23:36.090958'}] count=None
[2025-05-21 15:23:36] ✅ Successfully inserted: Gaspatxo bric
[2025-05-21 15:23:36] ✅ Gaspatxo bric — 1.95 (1 l)
[2025-05-21 15:23:36] Attempting to insert product: {'name': 'Salmorejo bric', 'price': 2.3, 'category': 'carn', 'store_id': 'bonarea', 'quantity': '1 l'}
[2025-05-21 15:23:36] Supabase Response: data=[{'name': 'Salmorejo bric', 'price': 2.3, 'category': 'carn', 'store_id': 'bonarea', 'quantity': '1 l', 'id': '2fce5731-b732-4c11-9b64-14125dd7a228', 'created_at': '2025-05-21T12:23:36.633602'}] count=None
[2025-05-21 15:23:36] ✅ Successfully inserted: Salmorejo bric
[2025-05-21 15:23:36] ✅ Salmorejo bric — 2.3 (1 l)
[2025-05-21 15:23:36] Attempting to insert product: {'name': 'Gaspatxo estil andalús', 'price': 1.1, 'category': 'carn', 'store_id': 'bonarea', 'quantity': '300 g'}
[2025-05-21 15:23:37] Supabase Response: data=[{'name': 'Gaspatxo estil andalús', 'price': 1.1, 'category': 'carn', 'store_id': 'bonarea', 'quantity': '300 g', 'id': '19586ea3-a2e0-4e8f-9cce-4e8654bca1a0', 'created_at': '2025-05-21T12:23:37.067138'}] count=None
[2025-05-21 15:23:37] ✅ Successfully inserted: Gaspatxo estil andalús
[2025-05-21 15:23:37] ✅ Gaspatxo estil andalús — 1.1 (300 g)
[2025-05-21 15:23:37] Attempting to insert product: {'name': 'Gaspatxo de maduixa', 'price': 1.25, 'category': 'carn', 'store_id': 'bonarea', 'quantity': '300 g'}
[2025-05-21 15:23:37] Supabase Response: data=[{'name': 'Gaspatxo de maduixa', 'price': 1.25, 'category': 'carn', 'store_id': 'bonarea', 'quantity': '300 g', 'id': '3bebfc1c-cf83-44de-8012-c96202f1f41b', 'created_at': '2025-05-21T12:23:37.363901'}] count=None
[2025-05-21 15:23:37] ✅ Successfully inserted: Gaspatxo de maduixa
[2025-05-21 15:23:37] ✅ Gaspatxo de maduixa — 1.25 (300 g)
[2025-05-21 15:23:37] Attempting to insert product: {'name': 'LLOM FILETEJAT A LA P', 'price': 2.01, 'category': 'carn', 'store_id': 'bonarea', 'quantity': 'aprox. 187 g'}
[2025-05-21 15:23:38] Supabase Response: data=[{'name': 'LLOM FILETEJAT A LA P', 'price': 2.01, 'category': 'carn', 'store_id': 'bonarea', 'quantity': 'aprox. 187 g', 'id': 'c2dd7f22-e396-488e-8000-a248c899f8d0', 'created_at': '2025-05-21T12:23:37.86396'}] count=None
[2025-05-21 15:23:38] ✅ Successfully inserted: LLOM FILETEJAT A LA P
[2025-05-21 15:23:38] ✅ LLOM FILETEJAT A LA P — 2.01 (aprox. 187 g)
[2025-05-21 15:23:38] Attempting to insert product: {'name': 'Hummus', 'price': 0.94, 'category': 'carn', 'store_id': 'bonarea', 'quantity': '200 g'}
[2025-05-21 15:23:38] Supabase Response: data=[{'name': 'Hummus', 'price': 0.94, 'category': 'carn', 'store_id': 'bonarea', 'quantity': '200 g', 'id': '3c672ef9-7e6a-4f7f-9ea7-bff4886a3f7e', 'created_at': '2025-05-21T12:23:38.160541'}] count=None
[2025-05-21 15:23:38] ✅ Successfully inserted: Hummus
[2025-05-21 15:23:38] ✅ Hummus — 0.94 (200 g)
[2025-05-21 15:23:38] Attempting to insert product: {'name': 'Cap de llom filetejat a la planxa', 'price': 2.4, 'category': 'carn', 'store_id': 'bonarea', 'quantity': 'aprox. 198 g'}
[2025-05-21 15:23:38] Supabase Response: data=[{'name': 'Cap de llom filetejat a la planxa', 'price': 2.4, 'category': 'carn', 'store_id': 'bonarea', 'quantity': 'aprox. 198 g', 'id': '452f20bd-5f69-4df2-9182-a87741ed928a', 'created_at': '2025-05-21T12:23:38.513384'}] count=None
[2025-05-21 15:23:38] ✅ Successfully inserted: Cap de llom filetejat a la planxa
[2025-05-21 15:23:38] ✅ Cap de llom filetejat a la planxa — 2.4 (aprox. 198 g)
[2025-05-21 15:23:38] Attempting to insert product: {'name': "Conill d'espatlla d'anoll", 'price': 17.27, 'category': 'carn', 'store_id': 'bonarea', 'quantity': 'aprox. 1,6 kg'}
[2025-05-21 15:23:39] Supabase Response: data=[{'name': "Conill d'espatlla d'anoll", 'price': 17.27, 'category': 'carn', 'store_id': 'bonarea', 'quantity': 'aprox. 1,6 kg', 'id': '1e6ab1e2-a9de-49d2-b02e-0d4295443232', 'created_at': '2025-05-21T12:23:39.076981'}] count=None
[2025-05-21 15:23:39] ✅ Successfully inserted: Conill d'espatlla d'anoll
[2025-05-21 15:23:39] ✅ Conill d'espatlla d'anoll — 17.27 (aprox. 1,6 kg)
[2025-05-21 15:23:39] Attempting to insert product: {'name': "Jarret d'anoll", 'price': 22.65, 'category': 'carn', 'store_id': 'bonarea', 'quantity': 'aprox. 2,0 kg'}
[2025-05-21 15:23:39] Supabase Response: data=[{'name': "Jarret d'anoll", 'price': 22.65, 'category': 'carn', 'store_id': 'bonarea', 'quantity': 'aprox. 2,0 kg', 'id': '1925ca09-149a-47ca-a55e-74deedc0df7f', 'created_at': '2025-05-21T12:23:39.635116'}] count=None
[2025-05-21 15:23:39] ✅ Successfully inserted: Jarret d'anoll
[2025-05-21 15:23:39] ✅ Jarret d'anoll — 22.65 (aprox. 2,0 kg)
[2025-05-21 15:23:39] Attempting to insert product: {'name': 'Mixt de bull negre i donegal', 'price': 1.1, 'category': 'carn', 'store_id': 'bonarea', 'quantity': 'aprox. 143 g'}
[2025-05-21 15:23:40] Supabase Response: data=[{'name': 'Mixt de bull negre i donegal', 'price': 1.1, 'category': 'carn', 'store_id': 'bonarea', 'quantity': 'aprox. 143 g', 'id': '52337ee3-66d0-4621-a48e-6b6d141243d3', 'created_at': '2025-05-21T12:23:40.061379'}] count=None
[2025-05-21 15:23:40] ✅ Successfully inserted: Mixt de bull negre i donegal
[2025-05-21 15:23:40] ✅ Mixt de bull negre i donegal — 1.1 (aprox. 143 g)
[2025-05-21 15:23:40] Attempting to insert product: {'name': 'Salmó adults', 'price': 13.8, 'category': 'carn', 'store_id': 'bonarea', 'quantity': '10 kg'}
[2025-05-21 15:23:40] Supabase Response: data=[{'name': 'Salmó adults', 'price': 13.8, 'category': 'carn', 'store_id': 'bonarea', 'quantity': '10 kg', 'id': '243b1da9-2217-4fb4-9b09-63e98ac725a3', 'created_at': '2025-05-21T12:23:40.355232'}] count=None
[2025-05-21 15:23:40] ✅ Successfully inserted: Salmó adults
[2025-05-21 15:23:40] ✅ Salmó adults — 13.8 (10 kg)
[2025-05-21 15:23:40] Attempting to insert product: {'name': 'Salmó adults', 'price': 4.44, 'category': 'carn', 'store_id': 'bonarea', 'quantity': '3 kg'}
[2025-05-21 15:23:40] Supabase Response: data=[{'name': 'Salmó adults', 'price': 4.44, 'category': 'carn', 'store_id': 'bonarea', 'quantity': '3 kg', 'id': 'fe88e52b-52a4-4c4b-9636-5d62612e86cc', 'created_at': '2025-05-21T12:23:40.741485'}] count=None
[2025-05-21 15:23:40] ✅ Successfully inserted: Salmó adults
[2025-05-21 15:23:40] ✅ Salmó adults — 4.44 (3 kg)
[2025-05-21 15:23:40] Attempting to insert product: {'name': 'Original adults', 'price': 13.6, 'category': 'carn', 'store_id': 'bonarea', 'quantity': '10 kg'}
[2025-05-21 15:23:41] Supabase Response: data=[{'name': 'Original adults', 'price': 13.6, 'category': 'carn', 'store_id': 'bonarea', 'quantity': '10 kg', 'id': '832e9ede-d5b8-4054-beab-e37fbbbd2e75', 'created_at': '2025-05-21T12:23:41.067073'}] count=None
[2025-05-21 15:23:41] ✅ Successfully inserted: Original adults
[2025-05-21 15:23:41] ✅ Original adults — 13.6 (10 kg)
[2025-05-21 15:23:41] Attempting to insert product: {'name': 'Original adults', 'price': 4.38, 'category': 'carn', 'store_id': 'bonarea', 'quantity': '3 kg'}
[2025-05-21 15:23:41] Supabase Response: data=[{'name': 'Original adults', 'price': 4.38, 'category': 'carn', 'store_id': 'bonarea', 'quantity': '3 kg', 'id': '231aadae-5abd-43ac-9262-d3ff550c2d79', 'created_at': '2025-05-21T12:23:41.642434'}] count=None
[2025-05-21 15:23:41] ✅ Successfully inserted: Original adults
[2025-05-21 15:23:41] ✅ Original adults — 4.38 (3 kg)
[2025-05-21 15:23:41] Attempting to insert product: {'name': 'Junior 2-12 mesos', 'price': 15.9, 'category': 'carn', 'store_id': 'bonarea', 'quantity': '10 kg'}
[2025-05-21 15:23:42] Supabase Response: data=[{'name': 'Junior 2-12 mesos', 'price': 15.9, 'category': 'carn', 'store_id': 'bonarea', 'quantity': '10 kg', 'id': '4ff9f556-c6dc-4c7d-b5b2-9ca6d90bebdc', 'created_at': '2025-05-21T12:23:42.312505'}] count=None
[2025-05-21 15:23:42] ✅ Successfully inserted: Junior 2-12 mesos
[2025-05-21 15:23:42] ✅ Junior 2-12 mesos — 15.9 (10 kg)
[2025-05-21 15:23:42] Attempting to insert product: {'name': 'Junior 2-12 mesos', 'price': 5.07, 'category': 'carn', 'store_id': 'bonarea', 'quantity': '3 kg'}
[2025-05-21 15:23:42] Supabase Response: data=[{'name': 'Junior 2-12 mesos', 'price': 5.07, 'category': 'carn', 'store_id': 'bonarea', 'quantity': '3 kg', 'id': 'ef31f1ba-15a2-47d1-a8c6-3c8fd93d3f04', 'created_at': '2025-05-21T12:23:42.670542'}] count=None
[2025-05-21 15:23:42] ✅ Successfully inserted: Junior 2-12 mesos
[2025-05-21 15:23:42] ✅ Junior 2-12 mesos — 5.07 (3 kg)
[2025-05-21 15:23:42] Attempting to insert product: {'name': 'Pit de pollastre groc sencer', 'price': 4.54, 'category': 'carn', 'store_id': 'bonarea', 'quantity': 'aprox. 693 g'}
[2025-05-21 15:23:43] Supabase Response: data=[{'name': 'Pit de pollastre groc sencer', 'price': 4.54, 'category': 'carn', 'store_id': 'bonarea', 'quantity': 'aprox. 693 g', 'id': '878d2f27-d6ba-4b89-b13f-faf6a4a3802a', 'created_at': '2025-05-21T12:23:43.068411'}] count=None
[2025-05-21 15:23:43] ✅ Successfully inserted: Pit de pollastre groc sencer
[2025-05-21 15:23:43] ✅ Pit de pollastre groc sencer — 4.54 (aprox. 693 g)
[2025-05-21 15:23:43] Attempting to insert product: {'name': 'Pernilets de pollastre groc', 'price': 3.64, 'category': 'carn', 'store_id': 'bonarea', 'quantity': 'aprox. 1,0 kg'}
[2025-05-21 15:23:43] Supabase Response: data=[{'name': 'Pernilets de pollastre groc', 'price': 3.64, 'category': 'carn', 'store_id': 'bonarea', 'quantity': 'aprox. 1,0 kg', 'id': '94e17ac2-9d7f-4e27-a86c-243311aef2c6', 'created_at': '2025-05-21T12:23:43.39601'}] count=None
[2025-05-21 15:23:43] ✅ Successfully inserted: Pernilets de pollastre groc
[2025-05-21 15:23:43] ✅ Pernilets de pollastre groc — 3.64 (aprox. 1,0 kg)
[2025-05-21 15:23:43] Attempting to insert product: {'name': 'Pit de pollastre blanc sencer', 'price': 4.68, 'category': 'carn', 'store_id': 'bonarea', 'quantity': 'aprox. 715 g'}
[2025-05-21 15:23:43] Supabase Response: data=[{'name': 'Pit de pollastre blanc sencer', 'price': 4.68, 'category': 'carn', 'store_id': 'bonarea', 'quantity': 'aprox. 715 g', 'id': 'c420cd6f-9037-4466-8ecd-84172d372b00', 'created_at': '2025-05-21T12:23:43.728029'}] count=None
[2025-05-21 15:23:43] ✅ Successfully inserted: Pit de pollastre blanc sencer
[2025-05-21 15:23:43] ✅ Pit de pollastre blanc sencer — 4.68 (aprox. 715 g)
[2025-05-21 15:23:43] Attempting to insert product: {'name': 'Pernilets de pollastre blanc', 'price': 3.8, 'category': 'carn', 'store_id': 'bonarea', 'quantity': 'aprox. 1,1 kg'}
[2025-05-21 15:23:45] Supabase Response: data=[{'name': 'Pernilets de pollastre blanc', 'price': 3.8, 'category': 'carn', 'store_id': 'bonarea', 'quantity': 'aprox. 1,1 kg', 'id': 'c6993348-b24d-4138-9750-d34a6631609e', 'created_at': '2025-05-21T12:23:44.058744'}] count=None
[2025-05-21 15:23:45] ✅ Successfully inserted: Pernilets de pollastre blanc
[2025-05-21 15:23:45] ✅ Pernilets de pollastre blanc — 3.8 (aprox. 1,1 kg)
[2025-05-21 15:23:45] Attempting to insert product: {'name': 'Pit de pollastre groc filetejat', 'price': 4.69, 'category': 'carn', 'store_id': 'bonarea', 'quantity': 'aprox. 660 g'}
[2025-05-21 15:23:45] Supabase Response: data=[{'name': 'Pit de pollastre groc filetejat', 'price': 4.69, 'category': 'carn', 'store_id': 'bonarea', 'quantity': 'aprox. 660 g', 'id': '9830adfc-26d3-481b-8197-c232c936377c', 'created_at': '2025-05-21T12:23:45.116454'}] count=None
[2025-05-21 15:23:45] ✅ Successfully inserted: Pit de pollastre groc filetejat
[2025-05-21 15:23:45] ✅ Pit de pollastre groc filetejat — 4.69 (aprox. 660 g)
[2025-05-21 15:23:45] Attempting to insert product: {'name': 'Pit de pollastre sencer 65% cereals', 'price': 4.57, 'category': 'carn', 'store_id': 'bonarea', 'quantity': 'aprox. 605 g'}
[2025-05-21 15:23:45] Supabase Response: data=[{'name': 'Pit de pollastre sencer 65% cereals', 'price': 4.57, 'category': 'carn', 'store_id': 'bonarea', 'quantity': 'aprox. 605 g', 'id': '89d3054b-775e-426a-a6bb-53e936f7050d', 'created_at': '2025-05-21T12:23:45.427539'}] count=None
[2025-05-21 15:23:45] ✅ Successfully inserted: Pit de pollastre sencer 65% cereals
[2025-05-21 15:23:45] ✅ Pit de pollastre sencer 65% cereals — 4.57 (aprox. 605 g)
[2025-05-21 15:23:46] 🌐 Visiting: https://www.bonarea-online.com/online/lactics-i-derivats
[2025-05-21 15:23:58] 🔎 Found 24 product(s) in category 'lactis'
[2025-05-21 15:23:58] Attempting to insert product: {'name': 'Gaspatxo', 'price': 2.85, 'category': 'lactis', 'store_id': 'bonarea', 'quantity': '1 l'}
[2025-05-21 15:23:59] Supabase Response: data=[{'name': 'Gaspatxo', 'price': 2.85, 'category': 'lactis', 'store_id': 'bonarea', 'quantity': '1 l', 'id': '5a563c49-817c-4ba3-90c6-45afc11e0675', 'created_at': '2025-05-21T12:23:58.800516'}] count=None
[2025-05-21 15:23:59] ✅ Successfully inserted: Gaspatxo
[2025-05-21 15:23:59] ✅ Gaspatxo — 2.85 (1 l)
[2025-05-21 15:23:59] Attempting to insert product: {'name': 'Salmorejo', 'price': 3.15, 'category': 'lactis', 'store_id': 'bonarea', 'quantity': '1 l'}
[2025-05-21 15:23:59] Supabase Response: data=[{'name': 'Salmorejo', 'price': 3.15, 'category': 'lactis', 'store_id': 'bonarea', 'quantity': '1 l', 'id': '8daf4b22-356c-46dd-af28-970060dc0546', 'created_at': '2025-05-21T12:23:59.292349'}] count=None
[2025-05-21 15:23:59] ✅ Successfully inserted: Salmorejo
[2025-05-21 15:23:59] ✅ Salmorejo — 3.15 (1 l)
[2025-05-21 15:23:59] Attempting to insert product: {'name': 'Gaspatxo bric', 'price': 1.95, 'category': 'lactis', 'store_id': 'bonarea', 'quantity': '1 l'}
[2025-05-21 15:23:59] Supabase Response: data=[{'name': 'Gaspatxo bric', 'price': 1.95, 'category': 'lactis', 'store_id': 'bonarea', 'quantity': '1 l', 'id': 'dfeca1aa-7467-426c-8c43-e542229a7974', 'created_at': '2025-05-21T12:23:59.684215'}] count=None
[2025-05-21 15:23:59] ✅ Successfully inserted: Gaspatxo bric
[2025-05-21 15:23:59] ✅ Gaspatxo bric — 1.95 (1 l)
[2025-05-21 15:23:59] Attempting to insert product: {'name': 'Salmorejo bric', 'price': 2.3, 'category': 'lactis', 'store_id': 'bonarea', 'quantity': '1 l'}
[2025-05-21 15:24:00] Supabase Response: data=[{'name': 'Salmorejo bric', 'price': 2.3, 'category': 'lactis', 'store_id': 'bonarea', 'quantity': '1 l', 'id': 'a534f3e7-e224-454e-9f15-99094bf574ea', 'created_at': '2025-05-21T12:24:00.031185'}] count=None
[2025-05-21 15:24:00] ✅ Successfully inserted: Salmorejo bric
[2025-05-21 15:24:00] ✅ Salmorejo bric — 2.3 (1 l)
[2025-05-21 15:24:00] Attempting to insert product: {'name': 'Gaspatxo estil andalús', 'price': 1.1, 'category': 'lactis', 'store_id': 'bonarea', 'quantity': '300 g'}
[2025-05-21 15:24:00] Supabase Response: data=[{'name': 'Gaspatxo estil andalús', 'price': 1.1, 'category': 'lactis', 'store_id': 'bonarea', 'quantity': '300 g', 'id': '2cb49380-fed4-4cba-9bca-47de18882624', 'created_at': '2025-05-21T12:24:00.405639'}] count=None
[2025-05-21 15:24:00] ✅ Successfully inserted: Gaspatxo estil andalús
[2025-05-21 15:24:00] ✅ Gaspatxo estil andalús — 1.1 (300 g)
[2025-05-21 15:24:00] Attempting to insert product: {'name': 'Gaspatxo de maduixa', 'price': 1.25, 'category': 'lactis', 'store_id': 'bonarea', 'quantity': '300 g'}
[2025-05-21 15:24:01] Supabase Response: data=[{'name': 'Gaspatxo de maduixa', 'price': 1.25, 'category': 'lactis', 'store_id': 'bonarea', 'quantity': '300 g', 'id': 'a30cc267-6fc8-49be-bffc-3bf3a04f225c', 'created_at': '2025-05-21T12:24:00.839193'}] count=None
[2025-05-21 15:24:01] ✅ Successfully inserted: Gaspatxo de maduixa
[2025-05-21 15:24:01] ✅ Gaspatxo de maduixa — 1.25 (300 g)
[2025-05-21 15:24:01] Attempting to insert product: {'name': 'LLOM FILETEJAT A LA P', 'price': 2.01, 'category': 'lactis', 'store_id': 'bonarea', 'quantity': 'aprox. 187 g'}
[2025-05-21 15:24:01] Supabase Response: data=[{'name': 'LLOM FILETEJAT A LA P', 'price': 2.01, 'category': 'lactis', 'store_id': 'bonarea', 'quantity': 'aprox. 187 g', 'id': 'b181356d-e44a-4298-a235-e567675116e4', 'created_at': '2025-05-21T12:24:01.230942'}] count=None
[2025-05-21 15:24:01] ✅ Successfully inserted: LLOM FILETEJAT A LA P
[2025-05-21 15:24:01] ✅ LLOM FILETEJAT A LA P — 2.01 (aprox. 187 g)
[2025-05-21 15:24:01] Attempting to insert product: {'name': 'Hummus', 'price': 0.94, 'category': 'lactis', 'store_id': 'bonarea', 'quantity': '200 g'}
[2025-05-21 15:24:02] Supabase Response: data=[{'name': 'Hummus', 'price': 0.94, 'category': 'lactis', 'store_id': 'bonarea', 'quantity': '200 g', 'id': '1af74727-e2f2-4bc7-b257-a23e711dca12', 'created_at': '2025-05-21T12:24:01.726025'}] count=None
[2025-05-21 15:24:02] ✅ Successfully inserted: Hummus
[2025-05-21 15:24:02] ✅ Hummus — 0.94 (200 g)
[2025-05-21 15:24:02] Attempting to insert product: {'name': 'Cap de llom filetejat a la planxa', 'price': 2.4, 'category': 'lactis', 'store_id': 'bonarea', 'quantity': 'aprox. 198 g'}
[2025-05-21 15:24:02] Supabase Response: data=[{'name': 'Cap de llom filetejat a la planxa', 'price': 2.4, 'category': 'lactis', 'store_id': 'bonarea', 'quantity': 'aprox. 198 g', 'id': '728296a6-01f0-4b68-884d-116174572628', 'created_at': '2025-05-21T12:24:02.327625'}] count=None
[2025-05-21 15:24:02] ✅ Successfully inserted: Cap de llom filetejat a la planxa
[2025-05-21 15:24:02] ✅ Cap de llom filetejat a la planxa — 2.4 (aprox. 198 g)
[2025-05-21 15:24:02] Attempting to insert product: {'name': "Conill d'espatlla d'anoll", 'price': 17.27, 'category': 'lactis', 'store_id': 'bonarea', 'quantity': 'aprox. 1,6 kg'}
[2025-05-21 15:24:03] Supabase Response: data=[{'name': "Conill d'espatlla d'anoll", 'price': 17.27, 'category': 'lactis', 'store_id': 'bonarea', 'quantity': 'aprox. 1,6 kg', 'id': '408204f5-9514-40c5-929b-e168317e4c99', 'created_at': '2025-05-21T12:24:02.768774'}] count=None
[2025-05-21 15:24:03] ✅ Successfully inserted: Conill d'espatlla d'anoll
[2025-05-21 15:24:03] ✅ Conill d'espatlla d'anoll — 17.27 (aprox. 1,6 kg)
[2025-05-21 15:24:03] Attempting to insert product: {'name': "Jarret d'anoll", 'price': 22.65, 'category': 'lactis', 'store_id': 'bonarea', 'quantity': 'aprox. 2,0 kg'}
[2025-05-21 15:24:04] Supabase Response: data=[{'name': "Jarret d'anoll", 'price': 22.65, 'category': 'lactis', 'store_id': 'bonarea', 'quantity': 'aprox. 2,0 kg', 'id': '7787373b-5eb4-464d-8541-29e75f6b0b45', 'created_at': '2025-05-21T12:24:03.267077'}] count=None
[2025-05-21 15:24:04] ✅ Successfully inserted: Jarret d'anoll
[2025-05-21 15:24:04] ✅ Jarret d'anoll — 22.65 (aprox. 2,0 kg)
[2025-05-21 15:24:04] Attempting to insert product: {'name': 'Mixt de bull negre i donegal', 'price': 1.1, 'category': 'lactis', 'store_id': 'bonarea', 'quantity': 'aprox. 143 g'}
[2025-05-21 15:24:05] Supabase Response: data=[{'name': 'Mixt de bull negre i donegal', 'price': 1.1, 'category': 'lactis', 'store_id': 'bonarea', 'quantity': 'aprox. 143 g', 'id': '4988f3cd-f1c5-45eb-a943-c215e63c8cfd', 'created_at': '2025-05-21T12:24:04.626733'}] count=None
[2025-05-21 15:24:05] ✅ Successfully inserted: Mixt de bull negre i donegal
[2025-05-21 15:24:05] ✅ Mixt de bull negre i donegal — 1.1 (aprox. 143 g)
[2025-05-21 15:24:05] Attempting to insert product: {'name': 'Salmó adults', 'price': 13.8, 'category': 'lactis', 'store_id': 'bonarea', 'quantity': '10 kg'}
[2025-05-21 15:24:06] Supabase Response: data=[{'name': 'Salmó adults', 'price': 13.8, 'category': 'lactis', 'store_id': 'bonarea', 'quantity': '10 kg', 'id': 'a4336c9d-deca-4fd5-b757-1a440bb4ac67', 'created_at': '2025-05-21T12:24:05.498329'}] count=None
[2025-05-21 15:24:06] ✅ Successfully inserted: Salmó adults
[2025-05-21 15:24:06] ✅ Salmó adults — 13.8 (10 kg)
[2025-05-21 15:24:06] Attempting to insert product: {'name': 'Salmó adults', 'price': 4.44, 'category': 'lactis', 'store_id': 'bonarea', 'quantity': '3 kg'}
[2025-05-21 15:24:07] Supabase Response: data=[{'name': 'Salmó adults', 'price': 4.44, 'category': 'lactis', 'store_id': 'bonarea', 'quantity': '3 kg', 'id': '4dfc6d60-43a3-4ada-bb63-fb7260904acf', 'created_at': '2025-05-21T12:24:06.420477'}] count=None
[2025-05-21 15:24:07] ✅ Successfully inserted: Salmó adults
[2025-05-21 15:24:07] ✅ Salmó adults — 4.44 (3 kg)
[2025-05-21 15:24:07] Attempting to insert product: {'name': 'Original adults', 'price': 13.6, 'category': 'lactis', 'store_id': 'bonarea', 'quantity': '10 kg'}
[2025-05-21 15:24:10] Supabase Response: data=[{'name': 'Original adults', 'price': 13.6, 'category': 'lactis', 'store_id': 'bonarea', 'quantity': '10 kg', 'id': 'd7f95c58-6ca2-4b04-93a2-83afce82229d', 'created_at': '2025-05-21T12:24:07.591265'}] count=None
[2025-05-21 15:24:10] ✅ Successfully inserted: Original adults
[2025-05-21 15:24:10] ✅ Original adults — 13.6 (10 kg)
[2025-05-21 15:24:10] Attempting to insert product: {'name': 'Original adults', 'price': 4.38, 'category': 'lactis', 'store_id': 'bonarea', 'quantity': '3 kg'}
[2025-05-21 15:24:11] Supabase Response: data=[{'name': 'Original adults', 'price': 4.38, 'category': 'lactis', 'store_id': 'bonarea', 'quantity': '3 kg', 'id': 'bcfa7cf0-ef34-4386-a683-070576c6583d', 'created_at': '2025-05-21T12:24:10.895329'}] count=None
[2025-05-21 15:24:11] ✅ Successfully inserted: Original adults
[2025-05-21 15:24:11] ✅ Original adults — 4.38 (3 kg)
[2025-05-21 15:24:11] Attempting to insert product: {'name': 'Junior 2-12 mesos', 'price': 15.9, 'category': 'lactis', 'store_id': 'bonarea', 'quantity': '10 kg'}
[2025-05-21 15:24:13] Supabase Response: data=[{'name': 'Junior 2-12 mesos', 'price': 15.9, 'category': 'lactis', 'store_id': 'bonarea', 'quantity': '10 kg', 'id': '984e165a-0923-4e9f-9943-14571e07426d', 'created_at': '2025-05-21T12:24:11.610737'}] count=None
[2025-05-21 15:24:13] ✅ Successfully inserted: Junior 2-12 mesos
[2025-05-21 15:24:13] ✅ Junior 2-12 mesos — 15.9 (10 kg)
[2025-05-21 15:24:13] Attempting to insert product: {'name': 'Junior 2-12 mesos', 'price': 5.07, 'category': 'lactis', 'store_id': 'bonarea', 'quantity': '3 kg'}
[2025-05-21 15:24:14] Supabase Response: data=[{'name': 'Junior 2-12 mesos', 'price': 5.07, 'category': 'lactis', 'store_id': 'bonarea', 'quantity': '3 kg', 'id': 'bd4eac22-2889-4af0-a4cf-33eeba395668', 'created_at': '2025-05-21T12:24:13.537006'}] count=None
[2025-05-21 15:24:14] ✅ Successfully inserted: Junior 2-12 mesos
[2025-05-21 15:24:14] ✅ Junior 2-12 mesos — 5.07 (3 kg)
[2025-05-21 15:24:14] Attempting to insert product: {'name': 'Pit de pollastre groc sencer', 'price': 4.54, 'category': 'lactis', 'store_id': 'bonarea', 'quantity': 'aprox. 693 g'}
[2025-05-21 15:24:14] Supabase Response: data=[{'name': 'Pit de pollastre groc sencer', 'price': 4.54, 'category': 'lactis', 'store_id': 'bonarea', 'quantity': 'aprox. 693 g', 'id': 'db281c0f-4ccb-42bd-84d8-f453c136b9c2', 'created_at': '2025-05-21T12:24:14.414131'}] count=None
[2025-05-21 15:24:14] ✅ Successfully inserted: Pit de pollastre groc sencer
[2025-05-21 15:24:14] ✅ Pit de pollastre groc sencer — 4.54 (aprox. 693 g)
[2025-05-21 15:24:14] Attempting to insert product: {'name': 'Pernilets de pollastre groc', 'price': 3.64, 'category': 'lactis', 'store_id': 'bonarea', 'quantity': 'aprox. 1,0 kg'}
[2025-05-21 15:24:16] Supabase Response: data=[{'name': 'Pernilets de pollastre groc', 'price': 3.64, 'category': 'lactis', 'store_id': 'bonarea', 'quantity': 'aprox. 1,0 kg', 'id': '5c00dd68-eda7-4cff-ba00-4708b5ab2493', 'created_at': '2025-05-21T12:24:15.2103'}] count=None
[2025-05-21 15:24:16] ✅ Successfully inserted: Pernilets de pollastre groc
[2025-05-21 15:24:16] ✅ Pernilets de pollastre groc — 3.64 (aprox. 1,0 kg)
[2025-05-21 15:24:16] Attempting to insert product: {'name': 'Pit de pollastre blanc sencer', 'price': 4.68, 'category': 'lactis', 'store_id': 'bonarea', 'quantity': 'aprox. 715 g'}
[2025-05-21 15:24:19] Supabase Response: data=[{'name': 'Pit de pollastre blanc sencer', 'price': 4.68, 'category': 'lactis', 'store_id': 'bonarea', 'quantity': 'aprox. 715 g', 'id': 'fa6a4d06-d1a1-483e-ad38-d5497a0c3043', 'created_at': '2025-05-21T12:24:16.351808'}] count=None
[2025-05-21 15:24:19] ✅ Successfully inserted: Pit de pollastre blanc sencer
[2025-05-21 15:24:19] ✅ Pit de pollastre blanc sencer — 4.68 (aprox. 715 g)
[2025-05-21 15:24:19] Attempting to insert product: {'name': 'Pernilets de pollastre blanc', 'price': 3.8, 'category': 'lactis', 'store_id': 'bonarea', 'quantity': 'aprox. 1,1 kg'}
[2025-05-21 15:24:19] Supabase Response: data=[{'name': 'Pernilets de pollastre blanc', 'price': 3.8, 'category': 'lactis', 'store_id': 'bonarea', 'quantity': 'aprox. 1,1 kg', 'id': '24d99f9f-d3cc-450b-a49e-b2dae6a6f1af', 'created_at': '2025-05-21T12:24:19.21274'}] count=None
[2025-05-21 15:24:19] ✅ Successfully inserted: Pernilets de pollastre blanc
[2025-05-21 15:24:19] ✅ Pernilets de pollastre blanc — 3.8 (aprox. 1,1 kg)
[2025-05-21 15:24:19] Attempting to insert product: {'name': 'Pit de pollastre groc filetejat', 'price': 4.69, 'category': 'lactis', 'store_id': 'bonarea', 'quantity': 'aprox. 660 g'}
[2025-05-21 15:24:20] Supabase Response: data=[{'name': 'Pit de pollastre groc filetejat', 'price': 4.69, 'category': 'lactis', 'store_id': 'bonarea', 'quantity': 'aprox. 660 g', 'id': 'f1225da9-281a-4c57-b027-57a2ae0d19b0', 'created_at': '2025-05-21T12:24:19.944287'}] count=None
[2025-05-21 15:24:20] ✅ Successfully inserted: Pit de pollastre groc filetejat
[2025-05-21 15:24:20] ✅ Pit de pollastre groc filetejat — 4.69 (aprox. 660 g)
[2025-05-21 15:24:20] Attempting to insert product: {'name': 'Pit de pollastre sencer 65% cereals', 'price': 4.57, 'category': 'lactis', 'store_id': 'bonarea', 'quantity': 'aprox. 605 g'}
[2025-05-21 15:24:20] Supabase Response: data=[{'name': 'Pit de pollastre sencer 65% cereals', 'price': 4.57, 'category': 'lactis', 'store_id': 'bonarea', 'quantity': 'aprox. 605 g', 'id': '3349fcba-795d-4283-b40d-e5385b25258c', 'created_at': '2025-05-21T12:24:20.250352'}] count=None
[2025-05-21 15:24:20] ✅ Successfully inserted: Pit de pollastre sencer 65% cereals
[2025-05-21 15:24:20] ✅ Pit de pollastre sencer 65% cereals — 4.57 (aprox. 605 g)
[2025-05-21 15:24:21] 🌐 Visiting: https://www.bonarea-online.com/online/carns-i-ous/ous
[2025-05-21 15:24:40] 🔎 Found 24 product(s) in category 'ous'
[2025-05-21 15:24:40] Attempting to insert product: {'name': 'Gaspatxo', 'price': 2.85, 'category': 'ous', 'store_id': 'bonarea', 'quantity': '1 l'}
[2025-05-21 15:24:41] Supabase Response: data=[{'name': 'Gaspatxo', 'price': 2.85, 'category': 'ous', 'store_id': 'bonarea', 'quantity': '1 l', 'id': 'cdeaebf8-4571-41f6-9416-dfc858a73020', 'created_at': '2025-05-21T12:24:41.458225'}] count=None
[2025-05-21 15:24:41] ✅ Successfully inserted: Gaspatxo
[2025-05-21 15:24:41] ✅ Gaspatxo — 2.85 (1 l)
[2025-05-21 15:24:41] Attempting to insert product: {'name': 'Salmorejo', 'price': 3.15, 'category': 'ous', 'store_id': 'bonarea', 'quantity': '1 l'}
[2025-05-21 15:24:42] Supabase Response: data=[{'name': 'Salmorejo', 'price': 3.15, 'category': 'ous', 'store_id': 'bonarea', 'quantity': '1 l', 'id': '646c9699-f8b9-403d-b944-baf905332dee', 'created_at': '2025-05-21T12:24:42.056861'}] count=None
[2025-05-21 15:24:42] ✅ Successfully inserted: Salmorejo
[2025-05-21 15:24:42] ✅ Salmorejo — 3.15 (1 l)
[2025-05-21 15:24:42] Attempting to insert product: {'name': 'Gaspatxo bric', 'price': 1.95, 'category': 'ous', 'store_id': 'bonarea', 'quantity': '1 l'}
[2025-05-21 15:24:42] Supabase Response: data=[{'name': 'Gaspatxo bric', 'price': 1.95, 'category': 'ous', 'store_id': 'bonarea', 'quantity': '1 l', 'id': 'af57b1cc-d6cd-4547-b81d-5c74514f3370', 'created_at': '2025-05-21T12:24:42.684897'}] count=None
[2025-05-21 15:24:42] ✅ Successfully inserted: Gaspatxo bric
[2025-05-21 15:24:42] ✅ Gaspatxo bric — 1.95 (1 l)
[2025-05-21 15:24:42] Attempting to insert product: {'name': 'Salmorejo bric', 'price': 2.3, 'category': 'ous', 'store_id': 'bonarea', 'quantity': '1 l'}
[2025-05-21 15:24:43] Supabase Response: data=[{'name': 'Salmorejo bric', 'price': 2.3, 'category': 'ous', 'store_id': 'bonarea', 'quantity': '1 l', 'id': '3ef35d81-514b-46a0-9599-1436d5298679', 'created_at': '2025-05-21T12:24:43.026971'}] count=None
[2025-05-21 15:24:43] ✅ Successfully inserted: Salmorejo bric
[2025-05-21 15:24:43] ✅ Salmorejo bric — 2.3 (1 l)
[2025-05-21 15:24:43] Attempting to insert product: {'name': 'Gaspatxo estil andalús', 'price': 1.1, 'category': 'ous', 'store_id': 'bonarea', 'quantity': '300 g'}
[2025-05-21 15:24:43] Supabase Response: data=[{'name': 'Gaspatxo estil andalús', 'price': 1.1, 'category': 'ous', 'store_id': 'bonarea', 'quantity': '300 g', 'id': '53d284bb-a4c1-42f0-bf74-67f8a9ba52d4', 'created_at': '2025-05-21T12:24:43.328729'}] count=None
[2025-05-21 15:24:43] ✅ Successfully inserted: Gaspatxo estil andalús
[2025-05-21 15:24:43] ✅ Gaspatxo estil andalús — 1.1 (300 g)
[2025-05-21 15:24:43] Attempting to insert product: {'name': 'Gaspatxo de maduixa', 'price': 1.25, 'category': 'ous', 'store_id': 'bonarea', 'quantity': '300 g'}
[2025-05-21 15:24:43] Supabase Response: data=[{'name': 'Gaspatxo de maduixa', 'price': 1.25, 'category': 'ous', 'store_id': 'bonarea', 'quantity': '300 g', 'id': '851b1c0b-326e-44fc-8cb6-9b8b06796027', 'created_at': '2025-05-21T12:24:43.665084'}] count=None
[2025-05-21 15:24:43] ✅ Successfully inserted: Gaspatxo de maduixa
[2025-05-21 15:24:43] ✅ Gaspatxo de maduixa — 1.25 (300 g)
[2025-05-21 15:24:43] Attempting to insert product: {'name': 'LLOM FILETEJAT A LA P', 'price': 2.01, 'category': 'ous', 'store_id': 'bonarea', 'quantity': 'aprox. 187 g'}
[2025-05-21 15:24:44] Supabase Response: data=[{'name': 'LLOM FILETEJAT A LA P', 'price': 2.01, 'category': 'ous', 'store_id': 'bonarea', 'quantity': 'aprox. 187 g', 'id': '5eeca711-0ed2-444b-9efa-c6f18e403b04', 'created_at': '2025-05-21T12:24:43.976864'}] count=None
[2025-05-21 15:24:44] ✅ Successfully inserted: LLOM FILETEJAT A LA P
[2025-05-21 15:24:44] ✅ LLOM FILETEJAT A LA P — 2.01 (aprox. 187 g)
[2025-05-21 15:24:44] Attempting to insert product: {'name': 'Hummus', 'price': 0.94, 'category': 'ous', 'store_id': 'bonarea', 'quantity': '200 g'}
[2025-05-21 15:24:45] Supabase Response: data=[{'name': 'Hummus', 'price': 0.94, 'category': 'ous', 'store_id': 'bonarea', 'quantity': '200 g', 'id': '44296f7d-64ac-4fa6-ba68-b3a2472bd2ab', 'created_at': '2025-05-21T12:24:44.30783'}] count=None
[2025-05-21 15:24:45] ✅ Successfully inserted: Hummus
[2025-05-21 15:24:45] ✅ Hummus — 0.94 (200 g)
[2025-05-21 15:24:45] Attempting to insert product: {'name': 'Cap de llom filetejat a la planxa', 'price': 2.4, 'category': 'ous', 'store_id': 'bonarea', 'quantity': 'aprox. 198 g'}
[2025-05-21 15:24:46] Supabase Response: data=[{'name': 'Cap de llom filetejat a la planxa', 'price': 2.4, 'category': 'ous', 'store_id': 'bonarea', 'quantity': 'aprox. 198 g', 'id': '7147596f-19b8-4cb6-9e33-1d6d47a170be', 'created_at': '2025-05-21T12:24:45.102807'}] count=None
[2025-05-21 15:24:46] ✅ Successfully inserted: Cap de llom filetejat a la planxa
[2025-05-21 15:24:46] ✅ Cap de llom filetejat a la planxa — 2.4 (aprox. 198 g)
[2025-05-21 15:24:46] Attempting to insert product: {'name': "Conill d'espatlla d'anoll", 'price': 17.27, 'category': 'ous', 'store_id': 'bonarea', 'quantity': 'aprox. 1,6 kg'}
[2025-05-21 15:24:46] Supabase Response: data=[{'name': "Conill d'espatlla d'anoll", 'price': 17.27, 'category': 'ous', 'store_id': 'bonarea', 'quantity': 'aprox. 1,6 kg', 'id': '561d8ae7-97fb-4b01-ac98-44db6f989dc1', 'created_at': '2025-05-21T12:24:46.301009'}] count=None
[2025-05-21 15:24:46] ✅ Successfully inserted: Conill d'espatlla d'anoll
[2025-05-21 15:24:46] ✅ Conill d'espatlla d'anoll — 17.27 (aprox. 1,6 kg)
[2025-05-21 15:24:46] Attempting to insert product: {'name': "Jarret d'anoll", 'price': 22.65, 'category': 'ous', 'store_id': 'bonarea', 'quantity': 'aprox. 2,0 kg'}
[2025-05-21 15:24:47] Supabase Response: data=[{'name': "Jarret d'anoll", 'price': 22.65, 'category': 'ous', 'store_id': 'bonarea', 'quantity': 'aprox. 2,0 kg', 'id': '4e63bc54-93de-45e9-bca2-ab445b08d1cc', 'created_at': '2025-05-21T12:24:46.844442'}] count=None
[2025-05-21 15:24:47] ✅ Successfully inserted: Jarret d'anoll
[2025-05-21 15:24:47] ✅ Jarret d'anoll — 22.65 (aprox. 2,0 kg)
[2025-05-21 15:24:47] Attempting to insert product: {'name': 'Mixt de bull negre i donegal', 'price': 1.1, 'category': 'ous', 'store_id': 'bonarea', 'quantity': 'aprox. 143 g'}
[2025-05-21 15:24:47] Supabase Response: data=[{'name': 'Mixt de bull negre i donegal', 'price': 1.1, 'category': 'ous', 'store_id': 'bonarea', 'quantity': 'aprox. 143 g', 'id': '9264492d-bec1-478a-94fe-bbe42924b555', 'created_at': '2025-05-21T12:24:47.703812'}] count=None
[2025-05-21 15:24:47] ✅ Successfully inserted: Mixt de bull negre i donegal
[2025-05-21 15:24:47] ✅ Mixt de bull negre i donegal — 1.1 (aprox. 143 g)
[2025-05-21 15:24:48] Attempting to insert product: {'name': 'Salmó adults', 'price': 13.8, 'category': 'ous', 'store_id': 'bonarea', 'quantity': '10 kg'}
[2025-05-21 15:24:48] Supabase Response: data=[{'name': 'Salmó adults', 'price': 13.8, 'category': 'ous', 'store_id': 'bonarea', 'quantity': '10 kg', 'id': 'f901a485-adaa-4f56-8904-f5e0766d4401', 'created_at': '2025-05-21T12:24:48.101151'}] count=None
[2025-05-21 15:24:48] ✅ Successfully inserted: Salmó adults
[2025-05-21 15:24:48] ✅ Salmó adults — 13.8 (10 kg)
[2025-05-21 15:24:48] Attempting to insert product: {'name': 'Salmó adults', 'price': 4.44, 'category': 'ous', 'store_id': 'bonarea', 'quantity': '3 kg'}
[2025-05-21 15:24:49] Supabase Response: data=[{'name': 'Salmó adults', 'price': 4.44, 'category': 'ous', 'store_id': 'bonarea', 'quantity': '3 kg', 'id': '0e510f9a-b799-468d-9624-af3a80c97e6f', 'created_at': '2025-05-21T12:24:49.216527'}] count=None
[2025-05-21 15:24:49] ✅ Successfully inserted: Salmó adults
[2025-05-21 15:24:49] ✅ Salmó adults — 4.44 (3 kg)
[2025-05-21 15:24:49] Attempting to insert product: {'name': 'Original adults', 'price': 13.6, 'category': 'ous', 'store_id': 'bonarea', 'quantity': '10 kg'}
[2025-05-21 15:24:49] Supabase Response: data=[{'name': 'Original adults', 'price': 13.6, 'category': 'ous', 'store_id': 'bonarea', 'quantity': '10 kg', 'id': '29d40ea7-2f40-4efa-bb06-bd7d277b969a', 'created_at': '2025-05-21T12:24:49.539129'}] count=None
[2025-05-21 15:24:49] ✅ Successfully inserted: Original adults
[2025-05-21 15:24:49] ✅ Original adults — 13.6 (10 kg)
[2025-05-21 15:24:49] Attempting to insert product: {'name': 'Original adults', 'price': 4.38, 'category': 'ous', 'store_id': 'bonarea', 'quantity': '3 kg'}
[2025-05-21 15:24:50] Supabase Response: data=[{'name': 'Original adults', 'price': 4.38, 'category': 'ous', 'store_id': 'bonarea', 'quantity': '3 kg', 'id': 'eef19959-05bd-41d3-a14c-b1c938cf06f6', 'created_at': '2025-05-21T12:24:49.949579'}] count=None
[2025-05-21 15:24:50] ✅ Successfully inserted: Original adults
[2025-05-21 15:24:50] ✅ Original adults — 4.38 (3 kg)
[2025-05-21 15:24:50] Attempting to insert product: {'name': 'Junior 2-12 mesos', 'price': 15.9, 'category': 'ous', 'store_id': 'bonarea', 'quantity': '10 kg'}
[2025-05-21 15:24:51] Supabase Response: data=[{'name': 'Junior 2-12 mesos', 'price': 15.9, 'category': 'ous', 'store_id': 'bonarea', 'quantity': '10 kg', 'id': '823341c5-5e1b-49a1-874b-e12b73fafba0', 'created_at': '2025-05-21T12:24:50.463955'}] count=None
[2025-05-21 15:24:51] ✅ Successfully inserted: Junior 2-12 mesos
[2025-05-21 15:24:51] ✅ Junior 2-12 mesos — 15.9 (10 kg)
[2025-05-21 15:24:51] Attempting to insert product: {'name': 'Junior 2-12 mesos', 'price': 5.07, 'category': 'ous', 'store_id': 'bonarea', 'quantity': '3 kg'}
[2025-05-21 15:24:52] Supabase Response: data=[{'name': 'Junior 2-12 mesos', 'price': 5.07, 'category': 'ous', 'store_id': 'bonarea', 'quantity': '3 kg', 'id': 'd9b129c0-7051-4c2a-906a-7ebf9c41fd76', 'created_at': '2025-05-21T12:24:51.797557'}] count=None
[2025-05-21 15:24:52] ✅ Successfully inserted: Junior 2-12 mesos
[2025-05-21 15:24:52] ✅ Junior 2-12 mesos — 5.07 (3 kg)
[2025-05-21 15:24:52] Attempting to insert product: {'name': 'Pit de pollastre groc sencer', 'price': 4.54, 'category': 'ous', 'store_id': 'bonarea', 'quantity': 'aprox. 693 g'}
[2025-05-21 15:24:53] Supabase Response: data=[{'name': 'Pit de pollastre groc sencer', 'price': 4.54, 'category': 'ous', 'store_id': 'bonarea', 'quantity': 'aprox. 693 g', 'id': '45251b16-1489-4c0a-8b38-bde54d8b6ac4', 'created_at': '2025-05-21T12:24:52.556243'}] count=None
[2025-05-21 15:24:53] ✅ Successfully inserted: Pit de pollastre groc sencer
[2025-05-21 15:24:53] ✅ Pit de pollastre groc sencer — 4.54 (aprox. 693 g)
[2025-05-21 15:24:53] Attempting to insert product: {'name': 'Pernilets de pollastre groc', 'price': 3.64, 'category': 'ous', 'store_id': 'bonarea', 'quantity': 'aprox. 1,0 kg'}
[2025-05-21 15:24:53] Supabase Response: data=[{'name': 'Pernilets de pollastre groc', 'price': 3.64, 'category': 'ous', 'store_id': 'bonarea', 'quantity': 'aprox. 1,0 kg', 'id': '8d485932-bc7b-4552-b584-f6f551e404b1', 'created_at': '2025-05-21T12:24:53.151597'}] count=None
[2025-05-21 15:24:53] ✅ Successfully inserted: Pernilets de pollastre groc
[2025-05-21 15:24:53] ✅ Pernilets de pollastre groc — 3.64 (aprox. 1,0 kg)
[2025-05-21 15:24:53] Attempting to insert product: {'name': 'Pit de pollastre blanc sencer', 'price': 4.68, 'category': 'ous', 'store_id': 'bonarea', 'quantity': 'aprox. 715 g'}
[2025-05-21 15:24:54] Supabase Response: data=[{'name': 'Pit de pollastre blanc sencer', 'price': 4.68, 'category': 'ous', 'store_id': 'bonarea', 'quantity': 'aprox. 715 g', 'id': 'c57858b0-959c-45aa-b000-9bd974693a59', 'created_at': '2025-05-21T12:24:53.531836'}] count=None
[2025-05-21 15:24:54] ✅ Successfully inserted: Pit de pollastre blanc sencer
[2025-05-21 15:24:54] ✅ Pit de pollastre blanc sencer — 4.68 (aprox. 715 g)
[2025-05-21 15:24:54] Attempting to insert product: {'name': 'Pernilets de pollastre blanc', 'price': 3.8, 'category': 'ous', 'store_id': 'bonarea', 'quantity': 'aprox. 1,1 kg'}
[2025-05-21 15:24:55] Supabase Response: data=[{'name': 'Pernilets de pollastre blanc', 'price': 3.8, 'category': 'ous', 'store_id': 'bonarea', 'quantity': 'aprox. 1,1 kg', 'id': 'a453842e-5640-44c0-992b-57ff6a32d2d6', 'created_at': '2025-05-21T12:24:54.452285'}] count=None
[2025-05-21 15:24:55] ✅ Successfully inserted: Pernilets de pollastre blanc
[2025-05-21 15:24:55] ✅ Pernilets de pollastre blanc — 3.8 (aprox. 1,1 kg)
[2025-05-21 15:24:55] Attempting to insert product: {'name': 'Pit de pollastre groc filetejat', 'price': 4.69, 'category': 'ous', 'store_id': 'bonarea', 'quantity': 'aprox. 660 g'}
[2025-05-21 15:24:56] Supabase Response: data=[{'name': 'Pit de pollastre groc filetejat', 'price': 4.69, 'category': 'ous', 'store_id': 'bonarea', 'quantity': 'aprox. 660 g', 'id': '586ea2bc-dd36-4e91-8a0c-b28df87dec55', 'created_at': '2025-05-21T12:24:55.861881'}] count=None
[2025-05-21 15:24:56] ✅ Successfully inserted: Pit de pollastre groc filetejat
[2025-05-21 15:24:56] ✅ Pit de pollastre groc filetejat — 4.69 (aprox. 660 g)
[2025-05-21 15:24:56] Attempting to insert product: {'name': 'Pit de pollastre sencer 65% cereals', 'price': 4.57, 'category': 'ous', 'store_id': 'bonarea', 'quantity': 'aprox. 605 g'}
[2025-05-21 15:24:56] Supabase Response: data=[{'name': 'Pit de pollastre sencer 65% cereals', 'price': 4.57, 'category': 'ous', 'store_id': 'bonarea', 'quantity': 'aprox. 605 g', 'id': '9846732a-80de-40b6-bdd3-580333649bd1', 'created_at': '2025-05-21T12:24:56.275121'}] count=None
[2025-05-21 15:24:56] ✅ Successfully inserted: Pit de pollastre sencer 65% cereals
[2025-05-21 15:24:56] ✅ Pit de pollastre sencer 65% cereals — 4.57 (aprox. 605 g)
[2025-05-21 15:24:57] 🌐 Visiting: https://www.bonarea-online.com/online/embotits-i-xarcuteria
[2025-05-21 15:25:17] 🔎 Found 24 product(s) in category 'embotits'
[2025-05-21 15:25:17] Attempting to insert product: {'name': 'Gaspatxo', 'price': 2.85, 'category': 'embotits', 'store_id': 'bonarea', 'quantity': '1 l'}
[2025-05-21 15:25:19] Supabase Response: data=[{'name': 'Gaspatxo', 'price': 2.85, 'category': 'embotits', 'store_id': 'bonarea', 'quantity': '1 l', 'id': '94f9c6d3-6c6c-4d12-b8c5-5f7fbf28991e', 'created_at': '2025-05-21T12:25:19.242252'}] count=None
[2025-05-21 15:25:19] ✅ Successfully inserted: Gaspatxo
[2025-05-21 15:25:19] ✅ Gaspatxo — 2.85 (1 l)
[2025-05-21 15:25:19] Attempting to insert product: {'name': 'Salmorejo', 'price': 3.15, 'category': 'embotits', 'store_id': 'bonarea', 'quantity': '1 l'}
[2025-05-21 15:25:20] Supabase Response: data=[{'name': 'Salmorejo', 'price': 3.15, 'category': 'embotits', 'store_id': 'bonarea', 'quantity': '1 l', 'id': '70469e57-27c8-4ce1-89eb-dfd18118d059', 'created_at': '2025-05-21T12:25:20.601849'}] count=None
[2025-05-21 15:25:20] ✅ Successfully inserted: Salmorejo
[2025-05-21 15:25:20] ✅ Salmorejo — 3.15 (1 l)
[2025-05-21 15:25:20] Attempting to insert product: {'name': 'Gaspatxo bric', 'price': 1.95, 'category': 'embotits', 'store_id': 'bonarea', 'quantity': '1 l'}
[2025-05-21 15:25:21] Supabase Response: data=[{'name': 'Gaspatxo bric', 'price': 1.95, 'category': 'embotits', 'store_id': 'bonarea', 'quantity': '1 l', 'id': '997786d9-e394-436e-8fbc-5446ba68f69c', 'created_at': '2025-05-21T12:25:21.155643'}] count=None
[2025-05-21 15:25:21] ✅ Successfully inserted: Gaspatxo bric
[2025-05-21 15:25:21] ✅ Gaspatxo bric — 1.95 (1 l)
[2025-05-21 15:25:21] Attempting to insert product: {'name': 'Salmorejo bric', 'price': 2.3, 'category': 'embotits', 'store_id': 'bonarea', 'quantity': '1 l'}
[2025-05-21 15:25:22] Supabase Response: data=[{'name': 'Salmorejo bric', 'price': 2.3, 'category': 'embotits', 'store_id': 'bonarea', 'quantity': '1 l', 'id': 'd2a3a5bd-01d1-4eff-9907-1959dea02918', 'created_at': '2025-05-21T12:25:22.096479'}] count=None
[2025-05-21 15:25:22] ✅ Successfully inserted: Salmorejo bric
[2025-05-21 15:25:22] ✅ Salmorejo bric — 2.3 (1 l)
[2025-05-21 15:25:22] Attempting to insert product: {'name': 'Gaspatxo estil andalús', 'price': 1.1, 'category': 'embotits', 'store_id': 'bonarea', 'quantity': '300 g'}
[2025-05-21 15:25:23] Supabase Response: data=[{'name': 'Gaspatxo estil andalús', 'price': 1.1, 'category': 'embotits', 'store_id': 'bonarea', 'quantity': '300 g', 'id': '234fabe9-330d-42d8-a732-9a281b5faa0a', 'created_at': '2025-05-21T12:25:22.765064'}] count=None
[2025-05-21 15:25:23] ✅ Successfully inserted: Gaspatxo estil andalús
[2025-05-21 15:25:23] ✅ Gaspatxo estil andalús — 1.1 (300 g)
[2025-05-21 15:25:23] Attempting to insert product: {'name': 'Gaspatxo de maduixa', 'price': 1.25, 'category': 'embotits', 'store_id': 'bonarea', 'quantity': '300 g'}
[2025-05-21 15:25:24] Supabase Response: data=[{'name': 'Gaspatxo de maduixa', 'price': 1.25, 'category': 'embotits', 'store_id': 'bonarea', 'quantity': '300 g', 'id': '2ce92e8c-7451-45d2-84af-880f71f81daa', 'created_at': '2025-05-21T12:25:24.135813'}] count=None
[2025-05-21 15:25:24] ✅ Successfully inserted: Gaspatxo de maduixa
[2025-05-21 15:25:24] ✅ Gaspatxo de maduixa — 1.25 (300 g)
[2025-05-21 15:25:24] Attempting to insert product: {'name': 'LLOM FILETEJAT A LA P', 'price': 2.01, 'category': 'embotits', 'store_id': 'bonarea', 'quantity': 'aprox. 187 g'}
[2025-05-21 15:25:25] Supabase Response: data=[{'name': 'LLOM FILETEJAT A LA P', 'price': 2.01, 'category': 'embotits', 'store_id': 'bonarea', 'quantity': 'aprox. 187 g', 'id': 'd7f96932-21bf-4efa-a24e-22a418a9e21b', 'created_at': '2025-05-21T12:25:25.19478'}] count=None
[2025-05-21 15:25:25] ✅ Successfully inserted: LLOM FILETEJAT A LA P
[2025-05-21 15:25:25] ✅ LLOM FILETEJAT A LA P — 2.01 (aprox. 187 g)
[2025-05-21 15:25:25] Attempting to insert product: {'name': 'Hummus', 'price': 0.94, 'category': 'embotits', 'store_id': 'bonarea', 'quantity': '200 g'}
[2025-05-21 15:25:26] Supabase Response: data=[{'name': 'Hummus', 'price': 0.94, 'category': 'embotits', 'store_id': 'bonarea', 'quantity': '200 g', 'id': '54a9cf91-a5a6-4b2d-b1cf-de0caaab922f', 'created_at': '2025-05-21T12:25:25.857155'}] count=None
[2025-05-21 15:25:26] ✅ Successfully inserted: Hummus
[2025-05-21 15:25:26] ✅ Hummus — 0.94 (200 g)
[2025-05-21 15:25:26] Attempting to insert product: {'name': 'Cap de llom filetejat a la planxa', 'price': 2.4, 'category': 'embotits', 'store_id': 'bonarea', 'quantity': 'aprox. 198 g'}
[2025-05-21 15:25:28] Supabase Response: data=[{'name': 'Cap de llom filetejat a la planxa', 'price': 2.4, 'category': 'embotits', 'store_id': 'bonarea', 'quantity': 'aprox. 198 g', 'id': '960e7bce-fe9a-4aab-a7fa-72d5c669a5d7', 'created_at': '2025-05-21T12:25:27.120303'}] count=None
[2025-05-21 15:25:28] ✅ Successfully inserted: Cap de llom filetejat a la planxa
[2025-05-21 15:25:28] ✅ Cap de llom filetejat a la planxa — 2.4 (aprox. 198 g)
[2025-05-21 15:25:28] Attempting to insert product: {'name': "Conill d'espatlla d'anoll", 'price': 17.27, 'category': 'embotits', 'store_id': 'bonarea', 'quantity': 'aprox. 1,6 kg'}
[2025-05-21 15:32:31] 🌐 Visiting: https://www.bonarea-online.com/online/carns-i-ous
[2025-05-21 15:32:47] 🔎 Found 24 product(s) in category 'carn'
[2025-05-21 15:32:48] ⚠️ Already exists: Gaspatxo
[2025-05-21 15:32:48] ⚠️ Already exists: Salmorejo
[2025-05-21 15:32:49] ⚠️ Already exists: Gaspatxo bric
[2025-05-21 15:32:49] ⚠️ Already exists: Salmorejo bric
[2025-05-21 15:32:50] ⚠️ Already exists: Gaspatxo estil andalús
[2025-05-21 15:32:50] ⚠️ Already exists: Gaspatxo de maduixa
[2025-05-21 15:32:51] ⚠️ Already exists: LLOM FILETEJAT A LA P
[2025-05-21 15:32:51] ⚠️ Already exists: Hummus
[2025-05-21 15:32:51] ⚠️ Already exists: Cap de llom filetejat a la planxa
[2025-05-21 15:32:52] ⚠️ Already exists: Conill d'espatlla d'anoll
[2025-05-21 15:32:52] ⚠️ Already exists: Jarret d'anoll
[2025-05-21 15:32:53] ⚠️ Already exists: Mixt de bull negre i donegal
[2025-05-21 15:32:53] ⚠️ Already exists: Salmó adults
[2025-05-21 15:32:53] ⚠️ Already exists: Salmó adults
[2025-05-21 15:32:54] ⚠️ Already exists: Original adults
[2025-05-21 15:32:54] ⚠️ Already exists: Original adults
[2025-05-21 15:32:55] ⚠️ Already exists: Junior 2-12 mesos
[2025-05-21 15:32:56] ⚠️ Already exists: Junior 2-12 mesos
[2025-05-21 15:32:56] ⚠️ Already exists: Pit de pollastre groc sencer
[2025-05-21 15:32:57] ⚠️ Already exists: Pernilets de pollastre groc
[2025-05-21 15:32:58] ⚠️ Already exists: Pit de pollastre blanc sencer
[2025-05-21 15:32:58] ⚠️ Already exists: Pernilets de pollastre blanc
[2025-05-21 15:32:59] ⚠️ Already exists: Pit de pollastre groc filetejat
[2025-05-21 15:32:59] ⚠️ Already exists: Pit de pollastre sencer 65% cereals
[2025-05-21 15:33:00] 🌐 Visiting: https://www.bonarea-online.com/online/carns-i-ous/pollastre
[2025-05-21 15:33:15] 🔎 Found 24 product(s) in category 'pollastre'
[2025-05-21 15:33:17] ⚠️ Already exists: Gaspatxo
[2025-05-21 15:33:17] ⚠️ Already exists: Salmorejo
[2025-05-21 15:33:17] ⚠️ Already exists: Gaspatxo bric
[2025-05-21 15:33:18] ⚠️ Already exists: Salmorejo bric
[2025-05-21 15:33:19] ⚠️ Already exists: Gaspatxo estil andalús
[2025-05-21 15:33:19] ⚠️ Already exists: Gaspatxo de maduixa
[2025-05-21 15:33:20] ⚠️ Already exists: LLOM FILETEJAT A LA P
[2025-05-21 15:33:20] ⚠️ Already exists: Hummus
[2025-05-21 15:33:20] ⚠️ Already exists: Cap de llom filetejat a la planxa
[2025-05-21 15:33:21] ⚠️ Already exists: Conill d'espatlla d'anoll
[2025-05-21 15:33:21] ⚠️ Already exists: Jarret d'anoll
[2025-05-21 15:33:22] ⚠️ Already exists: Mixt de bull negre i donegal
[2025-05-21 15:33:22] ⚠️ Already exists: Salmó adults
[2025-05-21 15:33:23] ⚠️ Already exists: Salmó adults
[2025-05-21 15:33:23] ⚠️ Already exists: Original adults
[2025-05-21 15:33:24] ⚠️ Already exists: Original adults
[2025-05-21 15:33:24] ⚠️ Already exists: Junior 2-12 mesos
[2025-05-21 15:33:25] ⚠️ Already exists: Junior 2-12 mesos
[2025-05-21 15:33:26] ⚠️ Already exists: Pit de pollastre groc sencer
[2025-05-21 15:33:27] ⚠️ Already exists: Pernilets de pollastre groc
[2025-05-21 15:33:27] ⚠️ Already exists: Pit de pollastre blanc sencer
[2025-05-21 15:33:28] ⚠️ Already exists: Pernilets de pollastre blanc
[2025-05-21 15:33:28] ⚠️ Already exists: Pit de pollastre groc filetejat
[2025-05-21 15:33:29] ⚠️ Already exists: Pit de pollastre sencer 65% cereals
[2025-05-21 15:33:30] 🌐 Visiting: https://www.bonarea-online.com/online/carns-i-ous/conill
[2025-05-21 15:33:49] 🔎 Found 24 product(s) in category 'conill'
[2025-05-21 15:33:50] ⚠️ Already exists: Gaspatxo
[2025-05-21 15:33:51] ⚠️ Already exists: Salmorejo
[2025-05-21 15:33:51] ⚠️ Already exists: Gaspatxo bric
[2025-05-21 15:33:52] ⚠️ Already exists: Salmorejo bric
[2025-05-21 15:33:52] ⚠️ Already exists: Gaspatxo estil andalús
[2025-05-21 15:33:52] ⚠️ Already exists: Gaspatxo de maduixa
[2025-05-21 15:33:53] ⚠️ Already exists: LLOM FILETEJAT A LA P
[2025-05-21 15:33:53] ⚠️ Already exists: Hummus
[2025-05-21 15:33:53] ⚠️ Already exists: Cap de llom filetejat a la planxa
[2025-05-21 15:33:54] ⚠️ Already exists: Conill d'espatlla d'anoll
[2025-05-21 15:33:54] ⚠️ Already exists: Jarret d'anoll
[2025-05-21 15:33:54] ⚠️ Already exists: Mixt de bull negre i donegal
[2025-05-21 15:33:55] ⚠️ Already exists: Salmó adults
[2025-05-21 15:33:55] ⚠️ Already exists: Salmó adults
[2025-05-21 15:33:56] ⚠️ Already exists: Original adults
[2025-05-21 15:33:56] ⚠️ Already exists: Original adults
[2025-05-21 15:33:57] ⚠️ Already exists: Junior 2-12 mesos
[2025-05-21 15:33:57] ⚠️ Already exists: Junior 2-12 mesos
[2025-05-21 15:33:58] ⚠️ Already exists: Pit de pollastre groc sencer
[2025-05-21 15:33:58] ⚠️ Already exists: Pernilets de pollastre groc
[2025-05-21 15:33:59] ⚠️ Already exists: Pit de pollastre blanc sencer
[2025-05-21 15:33:59] ⚠️ Already exists: Pernilets de pollastre blanc
[2025-05-21 15:34:00] ⚠️ Already exists: Pit de pollastre groc filetejat
[2025-05-21 15:34:00] ⚠️ Already exists: Pit de pollastre sencer 65% cereals
[2025-05-21 15:34:01] 🌐 Visiting: https://www.bonarea-online.com/online/carns-i-ous/porc
[2025-05-21 15:34:13] 🔎 Found 24 product(s) in category 'porc'
[2025-05-21 15:34:14] ⚠️ Already exists: Gaspatxo
[2025-05-21 15:34:14] ⚠️ Already exists: Salmorejo
[2025-05-21 15:34:14] ⚠️ Already exists: Gaspatxo bric
[2025-05-21 15:34:15] ⚠️ Already exists: Salmorejo bric
[2025-05-21 15:34:15] ⚠️ Already exists: Gaspatxo estil andalús
[2025-05-21 15:34:16] ⚠️ Already exists: Gaspatxo de maduixa
[2025-05-21 15:34:16] ⚠️ Already exists: LLOM FILETEJAT A LA P
[2025-05-21 15:34:16] ⚠️ Already exists: Hummus
[2025-05-21 15:34:17] ⚠️ Already exists: Cap de llom filetejat a la planxa
[2025-05-21 15:34:17] ⚠️ Already exists: Conill d'espatlla d'anoll
[2025-05-21 15:34:17] ⚠️ Already exists: Jarret d'anoll
[2025-05-21 15:34:17] ⚠️ Already exists: Mixt de bull negre i donegal
[2025-05-21 15:34:18] ⚠️ Already exists: Salmó adults
[2025-05-21 15:34:18] ⚠️ Already exists: Salmó adults
[2025-05-21 15:34:19] ⚠️ Already exists: Original adults
[2025-05-21 15:34:19] ⚠️ Already exists: Original adults
[2025-05-21 15:34:20] ⚠️ Already exists: Junior 2-12 mesos
[2025-05-21 15:34:21] ⚠️ Already exists: Junior 2-12 mesos
[2025-05-21 15:34:21] ⚠️ Already exists: Pit de pollastre groc sencer
[2025-05-21 15:34:22] ⚠️ Already exists: Pernilets de pollastre groc
[2025-05-21 15:34:22] ⚠️ Already exists: Pit de pollastre blanc sencer
[2025-05-21 15:34:23] ⚠️ Already exists: Pernilets de pollastre blanc
[2025-05-21 15:34:23] ⚠️ Already exists: Pit de pollastre groc filetejat
[2025-05-21 15:34:23] ⚠️ Already exists: Pit de pollastre sencer 65% cereals
[2025-05-21 15:34:24] 🌐 Visiting: https://www.bonarea-online.com/online/carns-i-ous/vedella
[2025-05-21 15:34:38] 🔎 Found 24 product(s) in category 'vedella'
[2025-05-21 15:34:39] ⚠️ Already exists: Gaspatxo
[2025-05-21 15:34:39] ⚠️ Already exists: Salmorejo
[2025-05-21 15:34:40] ⚠️ Already exists: Gaspatxo bric
[2025-05-21 15:34:40] ⚠️ Already exists: Salmorejo bric
[2025-05-21 15:34:41] ⚠️ Already exists: Gaspatxo estil andalús
[2025-05-21 15:34:41] ⚠️ Already exists: Gaspatxo de maduixa
[2025-05-21 15:34:42] ⚠️ Already exists: LLOM FILETEJAT A LA P
[2025-05-21 15:34:42] ⚠️ Already exists: Hummus
[2025-05-21 15:34:43] ⚠️ Already exists: Cap de llom filetejat a la planxa
[2025-05-21 15:34:43] ⚠️ Already exists: Conill d'espatlla d'anoll
[2025-05-21 15:34:44] ⚠️ Already exists: Jarret d'anoll
[2025-05-21 15:34:45] ⚠️ Already exists: Mixt de bull negre i donegal
[2025-05-21 15:34:45] ⚠️ Already exists: Salmó adults
[2025-05-21 15:34:45] ⚠️ Already exists: Salmó adults
[2025-05-21 15:34:46] ⚠️ Already exists: Original adults
[2025-05-21 15:34:47] ⚠️ Already exists: Original adults
[2025-05-21 15:34:48] ⚠️ Already exists: Junior 2-12 mesos
[2025-05-21 15:34:48] ⚠️ Already exists: Junior 2-12 mesos
[2025-05-21 15:34:49] ⚠️ Already exists: Pit de pollastre groc sencer
[2025-05-21 15:34:49] ⚠️ Already exists: Pernilets de pollastre groc
[2025-05-21 15:34:50] ⚠️ Already exists: Pit de pollastre blanc sencer
[2025-05-21 15:34:50] ⚠️ Already exists: Pernilets de pollastre blanc
[2025-05-21 15:34:51] ⚠️ Already exists: Pit de pollastre groc filetejat
[2025-05-21 15:34:52] ⚠️ Already exists: Pit de pollastre sencer 65% cereals
[2025-05-21 15:34:52] 🌐 Visiting: https://www.bonarea-online.com/online/lactics-i-derivats
[2025-05-21 15:35:07] 🔎 Found 24 product(s) in category 'lactis'
[2025-05-21 15:35:08] ⚠️ Already exists: Gaspatxo
[2025-05-21 15:35:09] ⚠️ Already exists: Salmorejo
[2025-05-21 15:35:09] ⚠️ Already exists: Gaspatxo bric
[2025-05-21 15:35:10] ⚠️ Already exists: Salmorejo bric
[2025-05-21 15:35:10] ⚠️ Already exists: Gaspatxo estil andalús
[2025-05-21 15:35:11] ⚠️ Already exists: Gaspatxo de maduixa
[2025-05-21 15:35:11] ⚠️ Already exists: LLOM FILETEJAT A LA P
[2025-05-21 15:35:11] ⚠️ Already exists: Hummus
[2025-05-21 15:35:12] ⚠️ Already exists: Cap de llom filetejat a la planxa
[2025-05-21 15:35:12] ⚠️ Already exists: Conill d'espatlla d'anoll
[2025-05-21 15:35:13] ⚠️ Already exists: Jarret d'anoll
[2025-05-21 15:35:14] ⚠️ Already exists: Mixt de bull negre i donegal
[2025-05-21 15:35:14] ⚠️ Already exists: Salmó adults
[2025-05-21 15:35:15] ⚠️ Already exists: Salmó adults
[2025-05-21 15:35:15] ⚠️ Already exists: Original adults
[2025-05-21 15:35:15] ⚠️ Already exists: Original adults
[2025-05-21 15:35:16] ⚠️ Already exists: Junior 2-12 mesos
[2025-05-21 15:35:16] ⚠️ Already exists: Junior 2-12 mesos
[2025-05-21 15:35:17] ⚠️ Already exists: Pit de pollastre groc sencer
[2025-05-21 15:35:17] ⚠️ Already exists: Pernilets de pollastre groc
[2025-05-21 15:35:18] ⚠️ Already exists: Pit de pollastre blanc sencer
[2025-05-21 15:35:18] ⚠️ Already exists: Pernilets de pollastre blanc
[2025-05-21 15:35:19] ⚠️ Already exists: Pit de pollastre groc filetejat
[2025-05-21 15:35:19] ⚠️ Already exists: Pit de pollastre sencer 65% cereals
[2025-05-21 15:35:20] 🌐 Visiting: https://www.bonarea-online.com/online/embotits-i-xarcuteria
[2025-05-21 15:35:41] 🔎 Found 24 product(s) in category 'embotits'
[2025-05-21 15:35:42] ⚠️ Already exists: Gaspatxo
[2025-05-21 15:35:44] ⚠️ Already exists: Salmorejo
[2025-05-21 15:35:45] ⚠️ Already exists: Gaspatxo bric
[2025-05-21 15:35:46] ⚠️ Already exists: Salmorejo bric
[2025-05-21 15:35:46] ⚠️ Already exists: Gaspatxo estil andalús
[2025-05-21 15:35:47] ⚠️ Already exists: Gaspatxo de maduixa
[2025-05-21 15:35:47] ⚠️ Already exists: LLOM FILETEJAT A LA P
[2025-05-21 15:35:48] ⚠️ Already exists: Hummus
[2025-05-21 15:35:48] ⚠️ Already exists: Cap de llom filetejat a la planxa
[2025-05-21 15:35:49] ⚠️ Already exists: Conill d'espatlla d'anoll
[2025-05-21 15:35:49] ⚠️ Already exists: Jarret d'anoll
[2025-05-21 15:35:50] ⚠️ Already exists: Mixt de bull negre i donegal
[2025-05-21 15:35:50] ⚠️ Already exists: Salmó adults
[2025-05-21 15:35:50] ⚠️ Already exists: Salmó adults
[2025-05-21 15:35:51] ⚠️ Already exists: Original adults
[2025-05-21 15:35:52] ⚠️ Already exists: Original adults
[2025-05-21 15:35:52] ⚠️ Already exists: Junior 2-12 mesos
[2025-05-21 15:35:53] ⚠️ Already exists: Junior 2-12 mesos
[2025-05-21 15:35:53] ⚠️ Already exists: Pit de pollastre groc sencer
[2025-05-21 15:35:54] ⚠️ Already exists: Pernilets de pollastre groc
[2025-05-21 15:35:54] ⚠️ Already exists: Pit de pollastre blanc sencer
[2025-05-21 15:35:56] ⚠️ Already exists: Pernilets de pollastre blanc
[2025-05-21 15:35:57] ⚠️ Already exists: Pit de pollastre groc filetejat
[2025-05-21 15:35:57] ⚠️ Already exists: Pit de pollastre sencer 65% cereals
[2025-05-21 15:35:58] 🌐 Visiting: https://www.bonarea-online.com/online/begudes/begudes
[2025-05-21 15:36:19] 🔎 Found 24 product(s) in category 'begudes'
[2025-05-21 15:36:20] ⚠️ Already exists: Gaspatxo
[2025-05-21 15:36:21] ⚠️ Already exists: Salmorejo
[2025-05-21 15:36:21] ⚠️ Already exists: Gaspatxo bric
[2025-05-21 15:36:23] ⚠️ Already exists: Salmorejo bric
[2025-05-21 15:36:24] ⚠️ Already exists: Gaspatxo estil andalús
[2025-05-21 15:36:24] ⚠️ Already exists: Gaspatxo de maduixa
[2025-05-21 15:36:27] ⚠️ Already exists: LLOM FILETEJAT A LA P
[2025-05-21 15:36:27] ⚠️ Already exists: Hummus
[2025-05-21 15:36:28] ⚠️ Already exists: Cap de llom filetejat a la planxa
[2025-05-21 15:36:28] ⚠️ Already exists: Conill d'espatlla d'anoll
[2025-05-21 15:36:29] ⚠️ Already exists: Jarret d'anoll
[2025-05-21 15:36:29] ⚠️ Already exists: Mixt de bull negre i donegal
[2025-05-21 15:36:30] ⚠️ Already exists: Salmó adults
[2025-05-21 15:36:30] ⚠️ Already exists: Salmó adults
[2025-05-21 15:36:31] ⚠️ Already exists: Original adults
[2025-05-21 15:36:32] ⚠️ Already exists: Original adults
[2025-05-21 15:36:32] ⚠️ Already exists: Junior 2-12 mesos
[2025-05-21 15:36:33] ⚠️ Already exists: Junior 2-12 mesos
[2025-05-21 15:36:33] ⚠️ Already exists: Pit de pollastre groc sencer
[2025-05-21 15:36:35] ⚠️ Already exists: Pernilets de pollastre groc
[2025-05-21 15:36:35] ⚠️ Already exists: Pit de pollastre blanc sencer
[2025-05-21 15:36:36] ⚠️ Already exists: Pernilets de pollastre blanc
[2025-05-21 15:36:36] ⚠️ Already exists: Pit de pollastre groc filetejat
[2025-05-21 15:36:37] ⚠️ Already exists: Pit de pollastre sencer 65% cereals
[2025-05-21 15:36:37] 🌐 Visiting: https://www.bonarea-online.com/online/plats-preparats
[2025-05-21 15:37:01] 🔎 Found 24 product(s) in category 'plats'
[2025-05-21 15:37:03] ⚠️ Already exists: Gaspatxo
[2025-05-21 15:37:04] ⚠️ Already exists: Salmorejo
[2025-05-21 15:37:04] ⚠️ Already exists: Gaspatxo bric
[2025-05-21 15:37:05] ⚠️ Already exists: Salmorejo bric
[2025-05-21 15:37:05] ⚠️ Already exists: Gaspatxo estil andalús
[2025-05-21 15:37:06] ⚠️ Already exists: Gaspatxo de maduixa
[2025-05-21 15:37:06] ⚠️ Already exists: LLOM FILETEJAT A LA P
[2025-05-21 15:37:07] ⚠️ Already exists: Hummus
[2025-05-21 15:37:07] ⚠️ Already exists: Cap de llom filetejat a la planxa
[2025-05-21 15:37:11] 🌐 Visiting: https://www.bonarea-online.com/online/carns-i-ous
[2025-05-21 15:37:29] 🔎 Found 24 product(s) in category 'carn'
[2025-05-21 15:37:30] ⚠️ Already exists: Gaspatxo
[2025-05-21 15:37:31] ⚠️ Already exists: Salmorejo
[2025-05-21 15:37:32] ⚠️ Already exists: Gaspatxo bric
[2025-05-21 15:37:33] ⚠️ Already exists: Salmorejo bric
[2025-05-21 15:37:35] ⚠️ Already exists: Gaspatxo estil andalús
[2025-05-21 15:37:37] ⚠️ Already exists: Gaspatxo de maduixa
[2025-05-21 15:37:38] ⚠️ Already exists: LLOM FILETEJAT A LA P
[2025-05-21 15:37:38] ⚠️ Already exists: Hummus
[2025-05-21 15:37:39] ⚠️ Already exists: Cap de llom filetejat a la planxa
[2025-05-21 15:37:40] ⚠️ Already exists: Conill d'espatlla d'anoll
[2025-05-21 15:37:41] ⚠️ Already exists: Jarret d'anoll
[2025-05-21 15:37:41] ⚠️ Already exists: Mixt de bull negre i donegal
[2025-05-21 15:37:42] ⚠️ Already exists: Salmó adults
[2025-05-21 15:37:43] ⚠️ Already exists: Salmó adults
[2025-05-21 15:37:44] ⚠️ Already exists: Original adults
[2025-05-21 15:37:44] ⚠️ Already exists: Original adults
[2025-05-21 15:37:45] ⚠️ Already exists: Junior 2-12 mesos
[2025-05-21 15:37:46] ⚠️ Already exists: Junior 2-12 mesos
[2025-05-21 15:37:46] ⚠️ Already exists: Pit de pollastre groc sencer
[2025-05-21 15:37:47] ⚠️ Already exists: Pernilets de pollastre groc
[2025-05-21 15:37:47] ⚠️ Already exists: Pit de pollastre blanc sencer
[2025-05-21 15:37:48] ⚠️ Already exists: Pernilets de pollastre blanc
[2025-05-21 15:37:48] ⚠️ Already exists: Pit de pollastre groc filetejat
[2025-05-21 15:37:48] ⚠️ Already exists: Pit de pollastre sencer 65% cereals
[2025-05-21 15:37:49] 🌐 Visiting: https://www.bonarea-online.com/online/carns-i-ous/pollastre
[2025-05-21 15:38:13] 🔎 Found 24 product(s) in category 'pollastre'
[2025-05-21 15:38:16] ⚠️ Already exists: Gaspatxo
[2025-05-21 15:38:17] ⚠️ Already exists: Salmorejo
[2025-05-21 15:38:17] ⚠️ Already exists: Gaspatxo bric
[2025-05-21 15:38:18] ⚠️ Already exists: Salmorejo bric
[2025-05-21 15:38:20] ⚠️ Already exists: Gaspatxo estil andalús
[2025-05-21 15:38:21] ⚠️ Already exists: Gaspatxo de maduixa
[2025-05-21 15:38:21] ⚠️ Already exists: LLOM FILETEJAT A LA P
[2025-05-21 15:38:22] ⚠️ Already exists: Hummus
[2025-05-21 15:38:22] ⚠️ Already exists: Cap de llom filetejat a la planxa
[2025-05-21 15:38:23] ⚠️ Already exists: Conill d'espatlla d'anoll
[2025-05-21 15:38:23] ⚠️ Already exists: Jarret d'anoll
[2025-05-21 15:38:24] ⚠️ Already exists: Mixt de bull negre i donegal
[2025-05-21 15:38:25] ⚠️ Already exists: Salmó adults
[2025-05-21 15:38:25] ⚠️ Already exists: Salmó adults
[2025-05-21 15:38:26] ⚠️ Already exists: Original adults
[2025-05-21 15:38:26] ⚠️ Already exists: Original adults
[2025-05-21 15:38:27] ⚠️ Already exists: Junior 2-12 mesos
[2025-05-21 15:38:29] ⚠️ Already exists: Junior 2-12 mesos
[2025-05-21 15:38:29] ⚠️ Already exists: Pit de pollastre groc sencer
[2025-05-21 15:38:31] ⚠️ Already exists: Pernilets de pollastre groc
[2025-05-21 15:38:31] ⚠️ Already exists: Pit de pollastre blanc sencer
[2025-05-21 15:38:32] ⚠️ Already exists: Pernilets de pollastre blanc
[2025-05-21 15:38:32] ⚠️ Already exists: Pit de pollastre groc filetejat
[2025-05-21 15:38:34] ⚠️ Already exists: Pit de pollastre sencer 65% cereals
[2025-05-21 15:38:34] 🌐 Visiting: https://www.bonarea-online.com/online/carns-i-ous/conill
[2025-05-21 15:38:58] 🔎 Found 24 product(s) in category 'conill'
[2025-05-21 15:38:59] ⚠️ Already exists: Gaspatxo
[2025-05-21 15:39:00] ⚠️ Already exists: Salmorejo
[2025-05-21 15:39:01] ⚠️ Already exists: Gaspatxo bric
[2025-05-21 15:39:01] ⚠️ Already exists: Salmorejo bric
[2025-05-21 15:39:02] ⚠️ Already exists: Gaspatxo estil andalús
[2025-05-21 15:39:02] ⚠️ Already exists: Gaspatxo de maduixa
[2025-05-21 15:39:03] ⚠️ Already exists: LLOM FILETEJAT A LA P
[2025-05-21 15:39:03] ⚠️ Already exists: Hummus
[2025-05-21 15:39:06] ⚠️ Already exists: Cap de llom filetejat a la planxa
[2025-05-21 15:39:07] ⚠️ Already exists: Conill d'espatlla d'anoll
[2025-05-21 15:39:07] ⚠️ Already exists: Jarret d'anoll
[2025-05-21 15:39:08] ⚠️ Already exists: Mixt de bull negre i donegal
[2025-05-21 15:39:08] ⚠️ Already exists: Salmó adults
[2025-05-21 15:39:09] ⚠️ Already exists: Salmó adults
[2025-05-21 15:39:10] ⚠️ Already exists: Original adults
[2025-05-21 15:39:11] ⚠️ Already exists: Original adults
[2025-05-21 15:39:12] ⚠️ Already exists: Junior 2-12 mesos
[2025-05-21 15:39:12] ⚠️ Already exists: Junior 2-12 mesos
[2025-05-21 15:39:13] ⚠️ Already exists: Pit de pollastre groc sencer
[2025-05-21 15:39:13] ⚠️ Already exists: Pernilets de pollastre groc
[2025-05-21 15:39:14] ⚠️ Already exists: Pit de pollastre blanc sencer
[2025-05-21 15:39:14] ⚠️ Already exists: Pernilets de pollastre blanc
[2025-05-21 15:39:15] ⚠️ Already exists: Pit de pollastre groc filetejat
[2025-05-21 15:39:15] ⚠️ Already exists: Pit de pollastre sencer 65% cereals
[2025-05-21 15:39:16] 🌐 Visiting: https://www.bonarea-online.com/online/carns-i-ous/porc
[2025-05-21 15:39:48] 🔎 Found 24 product(s) in category 'porc'
[2025-05-21 15:39:50] ⚠️ Already exists: Gaspatxo
[2025-05-21 15:39:51] ⚠️ Already exists: Salmorejo
[2025-05-21 15:39:52] ⚠️ Already exists: Gaspatxo bric
[2025-05-21 15:39:52] ⚠️ Already exists: Salmorejo bric
[2025-05-21 15:39:53] ⚠️ Already exists: Gaspatxo estil andalús
[2025-05-21 15:39:53] ⚠️ Already exists: Gaspatxo de maduixa
[2025-05-21 15:39:54] ⚠️ Already exists: LLOM FILETEJAT A LA P
[2025-05-21 15:39:54] ⚠️ Already exists: Hummus
[2025-05-21 15:39:56] ⚠️ Already exists: Cap de llom filetejat a la planxa
[2025-05-21 15:39:58] ⚠️ Already exists: Conill d'espatlla d'anoll
[2025-05-21 15:39:59] ⚠️ Already exists: Jarret d'anoll
[2025-05-21 15:40:00] ⚠️ Already exists: Mixt de bull negre i donegal
[2025-05-21 15:40:01] ⚠️ Already exists: Salmó adults
[2025-05-21 15:40:02] ⚠️ Already exists: Salmó adults
[2025-05-21 15:40:02] ⚠️ Already exists: Original adults
[2025-05-21 15:40:03] ⚠️ Already exists: Original adults
[2025-05-21 15:40:04] ⚠️ Already exists: Junior 2-12 mesos
[2025-05-21 15:40:04] ⚠️ Already exists: Junior 2-12 mesos
[2025-05-21 15:40:05] ⚠️ Already exists: Pit de pollastre groc sencer
[2025-05-21 15:40:05] ⚠️ Already exists: Pernilets de pollastre groc
[2025-05-21 15:40:07] ⚠️ Already exists: Pit de pollastre blanc sencer
[2025-05-21 15:40:07] ⚠️ Already exists: Pernilets de pollastre blanc
[2025-05-21 15:40:09] ⚠️ Already exists: Pit de pollastre groc filetejat
[2025-05-21 15:40:09] ⚠️ Already exists: Pit de pollastre sencer 65% cereals
[2025-05-21 15:40:10] 🌐 Visiting: https://www.bonarea-online.com/online/carns-i-ous/vedella
[2025-05-21 15:40:30] 🔎 Found 24 product(s) in category 'vedella'
[2025-05-21 15:40:32] ⚠️ Already exists: Gaspatxo
[2025-05-21 15:40:33] ⚠️ Already exists: Salmorejo
[2025-05-21 15:40:33] ⚠️ Already exists: Gaspatxo bric
[2025-05-21 15:40:34] ⚠️ Already exists: Salmorejo bric
[2025-05-21 15:40:35] ⚠️ Already exists: Gaspatxo estil andalús
[2025-05-21 15:40:38] ⚠️ Already exists: Gaspatxo de maduixa
[2025-05-21 15:40:39] ⚠️ Already exists: LLOM FILETEJAT A LA P
[2025-05-21 15:40:40] ⚠️ Already exists: Hummus
[2025-05-21 15:40:47] ⚠️ Already exists: Cap de llom filetejat a la planxa
[2025-05-21 15:40:49] ⚠️ Already exists: Conill d'espatlla d'anoll
[2025-05-21 15:40:50] ⚠️ Already exists: Jarret d'anoll
[2025-05-21 15:40:51] ⚠️ Already exists: Mixt de bull negre i donegal
[2025-05-21 15:40:51] ⚠️ Already exists: Salmó adults
[2025-05-21 15:40:52] ⚠️ Already exists: Salmó adults
[2025-05-21 15:40:53] ⚠️ Already exists: Original adults
[2025-05-21 15:40:53] ⚠️ Already exists: Original adults
[2025-05-21 15:40:54] ⚠️ Already exists: Junior 2-12 mesos
[2025-05-21 15:40:54] ⚠️ Already exists: Junior 2-12 mesos
[2025-05-21 15:40:55] ⚠️ Already exists: Pit de pollastre groc sencer
[2025-05-21 15:40:55] ⚠️ Already exists: Pernilets de pollastre groc
[2025-05-21 15:40:55] ⚠️ Already exists: Pit de pollastre blanc sencer
[2025-05-21 15:40:56] ⚠️ Already exists: Pernilets de pollastre blanc
[2025-05-21 15:40:56] ⚠️ Already exists: Pit de pollastre groc filetejat
[2025-05-21 15:40:57] ⚠️ Already exists: Pit de pollastre sencer 65% cereals
[2025-05-21 15:40:57] 🌐 Visiting: https://www.bonarea-online.com/online/lactics-i-derivats
[2025-05-21 15:41:11] 🔎 Found 24 product(s) in category 'lactis'
[2025-05-21 15:41:12] ⚠️ Already exists: Gaspatxo
[2025-05-21 15:41:12] ⚠️ Already exists: Salmorejo
[2025-05-21 15:41:13] ⚠️ Already exists: Gaspatxo bric
[2025-05-21 15:41:13] ⚠️ Already exists: Salmorejo bric
[2025-05-21 15:41:14] ⚠️ Already exists: Gaspatxo estil andalús
[2025-05-21 15:41:14] ⚠️ Already exists: Gaspatxo de maduixa
[2025-05-21 15:41:14] ⚠️ Already exists: LLOM FILETEJAT A LA P
[2025-05-21 15:41:15] ⚠️ Already exists: Hummus
[2025-05-21 15:41:15] ⚠️ Already exists: Cap de llom filetejat a la planxa
[2025-05-21 15:41:16] ⚠️ Already exists: Conill d'espatlla d'anoll
[2025-05-21 15:41:16] ⚠️ Already exists: Jarret d'anoll
[2025-05-21 15:41:17] ⚠️ Already exists: Mixt de bull negre i donegal
[2025-05-21 15:41:17] ⚠️ Already exists: Salmó adults
[2025-05-21 15:41:18] ⚠️ Already exists: Salmó adults
[2025-05-21 15:41:18] ⚠️ Already exists: Original adults
[2025-05-21 15:41:19] ⚠️ Already exists: Original adults
[2025-05-21 15:41:19] ⚠️ Already exists: Junior 2-12 mesos
[2025-05-21 15:41:19] ⚠️ Already exists: Junior 2-12 mesos
[2025-05-21 15:41:20] ⚠️ Already exists: Pit de pollastre groc sencer
[2025-05-21 15:41:20] ⚠️ Already exists: Pernilets de pollastre groc
[2025-05-21 15:41:21] ⚠️ Already exists: Pit de pollastre blanc sencer
[2025-05-21 15:41:22] ⚠️ Already exists: Pernilets de pollastre blanc
[2025-05-21 15:41:23] ⚠️ Already exists: Pit de pollastre groc filetejat
[2025-05-21 15:41:23] ⚠️ Already exists: Pit de pollastre sencer 65% cereals
[2025-05-21 15:41:25] 🌐 Visiting: https://www.bonarea-online.com/online/embotits-i-xarcuteria
[2025-05-21 15:41:41] 🔎 Found 24 product(s) in category 'embotits'
[2025-05-21 15:41:42] ⚠️ Already exists: Gaspatxo
[2025-05-21 15:41:43] ⚠️ Already exists: Salmorejo
[2025-05-21 15:41:43] ⚠️ Already exists: Gaspatxo bric
[2025-05-21 15:41:44] ⚠️ Already exists: Salmorejo bric
[2025-05-21 15:41:44] ⚠️ Already exists: Gaspatxo estil andalús
[2025-05-21 15:41:45] ⚠️ Already exists: Gaspatxo de maduixa
[2025-05-21 15:41:46] ⚠️ Already exists: LLOM FILETEJAT A LA P
[2025-05-21 15:41:46] ⚠️ Already exists: Hummus
[2025-05-21 15:41:47] ⚠️ Already exists: Cap de llom filetejat a la planxa
[2025-05-21 15:41:48] ⚠️ Already exists: Conill d'espatlla d'anoll
[2025-05-21 15:41:48] ⚠️ Already exists: Jarret d'anoll
[2025-05-21 15:41:49] ⚠️ Already exists: Mixt de bull negre i donegal
[2025-05-21 15:41:50] ⚠️ Already exists: Salmó adults
[2025-05-21 15:41:50] ⚠️ Already exists: Salmó adults
[2025-05-21 15:41:51] ⚠️ Already exists: Original adults
[2025-05-21 15:41:51] ⚠️ Already exists: Original adults
[2025-05-21 15:41:52] ⚠️ Already exists: Junior 2-12 mesos
[2025-05-21 15:41:53] ⚠️ Already exists: Junior 2-12 mesos
[2025-05-21 15:41:53] ⚠️ Already exists: Pit de pollastre groc sencer
[2025-05-21 15:41:54] ⚠️ Already exists: Pernilets de pollastre groc
[2025-05-21 15:41:54] ⚠️ Already exists: Pit de pollastre blanc sencer
[2025-05-21 15:41:56] ⚠️ Already exists: Pernilets de pollastre blanc
[2025-05-21 15:41:56] ⚠️ Already exists: Pit de pollastre groc filetejat
[2025-05-21 15:41:57] ⚠️ Already exists: Pit de pollastre sencer 65% cereals
[2025-05-21 15:41:57] 🌐 Visiting: https://www.bonarea-online.com/online/begudes/begudes
[2025-05-21 15:42:36] 🔎 Found 24 product(s) in category 'begudes'
[2025-05-21 15:42:37] ⚠️ Already exists: Gaspatxo
[2025-05-21 15:42:39] ⚠️ Already exists: Salmorejo
[2025-05-21 15:42:40] ⚠️ Already exists: Gaspatxo bric
[2025-05-21 15:42:41] ⚠️ Already exists: Salmorejo bric
[2025-05-21 15:42:42] ⚠️ Already exists: Gaspatxo estil andalús
[2025-05-21 15:42:43] ⚠️ Already exists: Gaspatxo de maduixa
[2025-05-21 15:42:44] ⚠️ Already exists: LLOM FILETEJAT A LA P
[2025-05-21 15:42:45] ⚠️ Already exists: Hummus
[2025-05-21 15:42:45] ⚠️ Already exists: Cap de llom filetejat a la planxa
[2025-05-21 15:42:46] ⚠️ Already exists: Conill d'espatlla d'anoll
[2025-05-21 15:42:47] ⚠️ Already exists: Jarret d'anoll
[2025-05-21 15:42:47] ⚠️ Already exists: Mixt de bull negre i donegal
[2025-05-21 15:42:49] ⚠️ Already exists: Salmó adults
[2025-05-21 15:42:49] ⚠️ Already exists: Salmó adults
[2025-05-21 15:42:50] ⚠️ Already exists: Original adults
[2025-05-21 15:42:50] ⚠️ Already exists: Original adults
[2025-05-21 15:42:51] ⚠️ Already exists: Junior 2-12 mesos
[2025-05-21 15:42:52] ⚠️ Already exists: Junior 2-12 mesos
[2025-05-21 15:42:53] ⚠️ Already exists: Pit de pollastre groc sencer
[2025-05-21 15:42:54] ⚠️ Already exists: Pernilets de pollastre groc
[2025-05-21 15:42:54] ⚠️ Already exists: Pit de pollastre blanc sencer
[2025-05-21 15:42:55] ⚠️ Already exists: Pernilets de pollastre blanc
[2025-05-21 15:42:56] ⚠️ Already exists: Pit de pollastre groc filetejat
[2025-05-21 15:42:56] ⚠️ Already exists: Pit de pollastre sencer 65% cereals
[2025-05-21 15:42:57] 🌐 Visiting: https://www.bonarea-online.com/online/plats-preparats
[2025-05-21 15:43:27] 🔎 Found 24 product(s) in category 'plats'
[2025-05-21 15:43:29] ⚠️ Already exists: Gaspatxo
[2025-05-21 15:43:30] ⚠️ Already exists: Salmorejo
[2025-05-21 15:43:30] ⚠️ Already exists: Gaspatxo bric
[2025-05-21 15:43:31] ⚠️ Already exists: Salmorejo bric
[2025-05-21 15:43:31] ⚠️ Already exists: Gaspatxo estil andalús
[2025-05-21 15:43:33] ⚠️ Already exists: Gaspatxo de maduixa
[2025-05-21 15:43:34] ⚠️ Already exists: LLOM FILETEJAT A LA P
[2025-05-21 15:43:34] ⚠️ Already exists: Hummus
[2025-05-21 15:43:35] ⚠️ Already exists: Cap de llom filetejat a la planxa
[2025-05-21 15:43:36] ⚠️ Already exists: Conill d'espatlla d'anoll
[2025-05-21 15:43:39] ⚠️ Already exists: Jarret d'anoll
[2025-05-21 15:43:40] ⚠️ Already exists: Mixt de bull negre i donegal
[2025-05-21 15:43:40] ⚠️ Already exists: Salmó adults
[2025-05-21 15:43:41] ⚠️ Already exists: Salmó adults
[2025-05-21 15:43:42] ⚠️ Already exists: Original adults
[2025-05-21 15:43:43] ⚠️ Already exists: Original adults
[2025-05-21 15:43:43] ⚠️ Already exists: Junior 2-12 mesos
[2025-05-21 15:43:44] ⚠️ Already exists: Junior 2-12 mesos
[2025-05-21 15:43:44] ⚠️ Already exists: Pit de pollastre groc sencer
[2025-05-21 15:43:45] ⚠️ Already exists: Pernilets de pollastre groc
[2025-05-21 15:43:46] ⚠️ Already exists: Pit de pollastre blanc sencer
[2025-05-21 15:43:46] ⚠️ Already exists: Pernilets de pollastre blanc
[2025-05-21 15:43:47] ⚠️ Already exists: Pit de pollastre groc filetejat
[2025-05-21 15:43:49] ⚠️ Already exists: Pit de pollastre sencer 65% cereals
[2025-05-21 15:43:50] 🌐 Visiting: https://www.bonarea-online.com/online/congelats
[2025-05-21 15:44:09] 🔎 Found 24 product(s) in category 'congelats'
[2025-05-21 15:44:10] ⚠️ Already exists: Gaspatxo
[2025-05-21 15:44:10] ⚠️ Already exists: Salmorejo
[2025-05-21 15:44:11] ⚠️ Already exists: Gaspatxo bric
[2025-05-21 15:44:11] ⚠️ Already exists: Salmorejo bric
[2025-05-21 15:44:13] ⚠️ Already exists: Gaspatxo estil andalús
[2025-05-21 15:44:14] ⚠️ Already exists: Gaspatxo de maduixa
[2025-05-21 15:44:14] ⚠️ Already exists: LLOM FILETEJAT A LA P
[2025-05-21 15:44:15] ⚠️ Already exists: Hummus
[2025-05-21 15:44:16] ⚠️ Already exists: Cap de llom filetejat a la planxa
[2025-05-21 15:44:16] ⚠️ Already exists: Conill d'espatlla d'anoll
[2025-05-21 15:44:16] ⚠️ Already exists: Jarret d'anoll
[2025-05-21 15:44:17] ⚠️ Already exists: Mixt de bull negre i donegal
[2025-05-21 15:44:17] ⚠️ Already exists: Salmó adults
[2025-05-21 15:44:18] ⚠️ Already exists: Salmó adults
[2025-05-21 15:44:18] ⚠️ Already exists: Original adults
[2025-05-21 15:44:19] ⚠️ Already exists: Original adults
[2025-05-21 15:44:19] ⚠️ Already exists: Junior 2-12 mesos
[2025-05-21 15:44:20] ⚠️ Already exists: Junior 2-12 mesos
[2025-05-21 15:44:20] ⚠️ Already exists: Pit de pollastre groc sencer
[2025-05-21 15:44:21] ⚠️ Already exists: Pernilets de pollastre groc
[2025-05-21 15:44:21] ⚠️ Already exists: Pit de pollastre blanc sencer
[2025-05-21 15:44:22] ⚠️ Already exists: Pernilets de pollastre blanc
[2025-05-21 15:44:23] ⚠️ Already exists: Pit de pollastre groc filetejat
[2025-05-21 15:44:26] ⚠️ Already exists: Pit de pollastre sencer 65% cereals
[2025-05-21 15:44:27] 🌐 Visiting: https://www.bonarea-online.com/online/postres-i-dolcos
[2025-05-21 15:45:05] 🔎 Found 24 product(s) in category 'postres'
[2025-05-21 15:45:08] ⚠️ Already exists: Gaspatxo
[2025-05-21 15:45:09] ⚠️ Already exists: Salmorejo
[2025-05-21 15:45:09] ⚠️ Already exists: Gaspatxo bric
[2025-05-21 15:45:10] ⚠️ Already exists: Salmorejo bric
[2025-05-21 15:45:11] ⚠️ Already exists: Gaspatxo estil andalús
[2025-05-21 15:45:11] ⚠️ Already exists: Gaspatxo de maduixa
[2025-05-21 15:45:12] ⚠️ Already exists: LLOM FILETEJAT A LA P
[2025-05-21 15:45:13] ⚠️ Already exists: Hummus
[2025-05-21 15:45:13] ⚠️ Already exists: Cap de llom filetejat a la planxa
[2025-05-21 15:45:14] ⚠️ Already exists: Conill d'espatlla d'anoll
[2025-05-21 15:45:14] ⚠️ Already exists: Jarret d'anoll
[2025-05-21 15:45:14] ⚠️ Already exists: Mixt de bull negre i donegal
[2025-05-21 15:45:15] ⚠️ Already exists: Salmó adults
[2025-05-21 15:45:15] ⚠️ Already exists: Salmó adults
[2025-05-21 15:45:16] ⚠️ Already exists: Original adults
[2025-05-21 15:45:19] ⚠️ Already exists: Original adults
[2025-05-21 15:45:20] ⚠️ Already exists: Junior 2-12 mesos
[2025-05-21 15:45:20] ⚠️ Already exists: Junior 2-12 mesos
[2025-05-21 15:45:21] ⚠️ Already exists: Pit de pollastre groc sencer
[2025-05-21 15:45:23] ⚠️ Already exists: Pernilets de pollastre groc
[2025-05-21 15:45:23] ⚠️ Already exists: Pit de pollastre blanc sencer
[2025-05-21 15:45:23] ⚠️ Already exists: Pernilets de pollastre blanc
[2025-05-21 15:45:24] ⚠️ Already exists: Pit de pollastre groc filetejat
[2025-05-21 15:45:24] ⚠️ Already exists: Pit de pollastre sencer 65% cereals
[2025-05-21 15:45:25] 🌐 Visiting: https://www.bonarea-online.com/online/pa-i-brioxeria
[2025-05-21 15:46:25] ❌ Error loading or parsing page 'pa': Page.goto: Timeout 60000ms exceeded.
Call log:
  - navigating to "https://www.bonarea-online.com/online/pa-i-brioxeria", waiting until "networkidle"

[2025-05-21 15:46:25] 📀 HTML saved as bonarea_pa_debug.html
[2025-05-21 15:49:51] 🌐 Visiting: https://www.bonarea-online.com/online/carns-i-ous
[2025-05-21 15:50:44] 🔎 Found 24 product(s) in category 'carn'
[2025-05-21 15:50:45] ⚠️ Already exists: Gaspatxo
[2025-05-21 15:50:45] ⚠️ Already exists: Salmorejo
[2025-05-21 15:50:46] ⚠️ Already exists: Gaspatxo bric
[2025-05-21 15:50:46] ⚠️ Already exists: Salmorejo bric
[2025-05-21 15:50:46] ⚠️ Already exists: Gaspatxo estil andalús
[2025-05-21 15:50:47] ⚠️ Already exists: Gaspatxo de maduixa
[2025-05-21 15:50:47] ⚠️ Already exists: LLOM FILETEJAT A LA P
[2025-05-21 15:50:48] ⚠️ Already exists: Hummus
[2025-05-21 15:50:48] ⚠️ Already exists: Cap de llom filetejat a la planxa
[2025-05-21 15:50:50] ⚠️ Already exists: Conill d'espatlla d'anoll
[2025-05-21 15:50:55] ⚠️ Already exists: Jarret d'anoll
[2025-05-21 15:50:55] ⚠️ Already exists: Mixt de bull negre i donegal
[2025-05-21 15:50:57] ⚠️ Already exists: Salmó adults
[2025-05-21 15:50:58] ⚠️ Already exists: Salmó adults
[2025-05-21 15:50:59] ⚠️ Already exists: Original adults
[2025-05-21 15:50:59] ⚠️ Already exists: Original adults
[2025-05-21 15:51:00] ⚠️ Already exists: Junior 2-12 mesos
[2025-05-21 15:51:00] ⚠️ Already exists: Junior 2-12 mesos
[2025-05-21 15:51:02] ⚠️ Already exists: Pit de pollastre groc sencer
[2025-05-21 15:51:03] ⚠️ Already exists: Pernilets de pollastre groc
[2025-05-21 15:51:04] ⚠️ Already exists: Pit de pollastre blanc sencer
[2025-05-21 15:51:04] ⚠️ Already exists: Pernilets de pollastre blanc
[2025-05-21 15:51:06] ⚠️ Already exists: Pit de pollastre groc filetejat
[2025-05-21 15:51:07] ⚠️ Already exists: Pit de pollastre sencer 65% cereals
[2025-05-21 15:51:08] 🌐 Visiting: https://www.bonarea-online.com/online/carns-i-ous/pollastre
[2025-05-21 15:51:35] 🔎 Found 24 product(s) in category 'pollastre'
[2025-05-21 15:51:38] ⚠️ Already exists: Gaspatxo
[2025-05-21 15:51:38] ⚠️ Already exists: Salmorejo
[2025-05-21 15:51:39] ⚠️ Already exists: Gaspatxo bric
[2025-05-21 15:51:39] ⚠️ Already exists: Salmorejo bric
[2025-05-21 15:51:40] ⚠️ Already exists: Gaspatxo estil andalús
[2025-05-21 15:51:41] ⚠️ Already exists: Gaspatxo de maduixa
[2025-05-21 15:51:42] ⚠️ Already exists: LLOM FILETEJAT A LA P
[2025-05-21 15:51:43] ⚠️ Already exists: Hummus
[2025-05-21 15:51:43] ⚠️ Already exists: Cap de llom filetejat a la planxa
[2025-05-21 15:51:44] ⚠️ Already exists: Conill d'espatlla d'anoll
[2025-05-21 15:51:45] ⚠️ Already exists: Jarret d'anoll
[2025-05-21 15:51:45] ⚠️ Already exists: Mixt de bull negre i donegal
[2025-05-21 15:51:46] ⚠️ Already exists: Salmó adults
[2025-05-21 15:51:47] ⚠️ Already exists: Salmó adults
[2025-05-21 15:51:48] ⚠️ Already exists: Original adults
[2025-05-21 15:51:48] ⚠️ Already exists: Original adults
[2025-05-21 15:51:49] ⚠️ Already exists: Junior 2-12 mesos
[2025-05-21 15:51:49] ⚠️ Already exists: Junior 2-12 mesos
[2025-05-21 15:51:50] ⚠️ Already exists: Pit de pollastre groc sencer
[2025-05-21 15:51:51] ⚠️ Already exists: Pernilets de pollastre groc
[2025-05-21 15:51:52] ⚠️ Already exists: Pit de pollastre blanc sencer
[2025-05-21 15:51:53] ⚠️ Already exists: Pernilets de pollastre blanc
[2025-05-21 15:51:53] ⚠️ Already exists: Pit de pollastre groc filetejat
[2025-05-21 15:51:54] ⚠️ Already exists: Pit de pollastre sencer 65% cereals
[2025-05-21 15:51:55] 🌐 Visiting: https://www.bonarea-online.com/online/carns-i-ous/conill
[2025-05-21 15:52:55] ❌ Error loading or parsing page 'conill': Page.goto: Timeout 60000ms exceeded.
Call log:
  - navigating to "https://www.bonarea-online.com/online/carns-i-ous/conill", waiting until "networkidle"

[2025-05-21 15:52:55] 📀 HTML saved as bonarea_conill_debug.html
[2025-05-21 15:52:55] 🌐 Visiting: https://www.bonarea-online.com/online/carns-i-ous/porc
[2025-05-21 15:53:55] ❌ Error loading or parsing page 'porc': Page.goto: Timeout 60000ms exceeded.
Call log:
  - navigating to "https://www.bonarea-online.com/online/carns-i-ous/porc", waiting until "networkidle"

[2025-05-21 15:53:56] 📀 HTML saved as bonarea_porc_debug.html
[2025-05-21 15:53:56] 🌐 Visiting: https://www.bonarea-online.com/online/carns-i-ous/vedella
[2025-05-21 15:54:33] 🌐 Visiting: https://www.bonarea-online.com/online/carns-i-ous
[2025-05-21 15:55:33] ❌ Error loading or parsing page 'carn': Page.goto: Timeout 60000ms exceeded.
Call log:
  - navigating to "https://www.bonarea-online.com/online/carns-i-ous", waiting until "networkidle"

[2025-05-21 15:55:33] 📀 HTML saved as bonarea_carn_debug.html
[2025-05-21 15:55:34] 🌐 Visiting: https://www.bonarea-online.com/online/carns-i-ous/pollastre
[2025-05-21 15:56:30] 🔎 Found 24 product(s) in category 'pollastre'
[2025-05-21 15:56:42] ⚠️ Already exists: Gaspatxo
[2025-05-21 15:56:43] ⚠️ Already exists: Salmorejo
[2025-05-21 15:56:43] ⚠️ Already exists: Gaspatxo bric
[2025-05-21 15:56:44] ⚠️ Already exists: Salmorejo bric
[2025-05-21 15:56:44] ⚠️ Already exists: Gaspatxo estil andalús
[2025-05-21 15:56:45] ⚠️ Already exists: Gaspatxo de maduixa
[2025-05-21 15:56:45] ⚠️ Already exists: LLOM FILETEJAT A LA P
[2025-05-21 15:56:46] ⚠️ Already exists: Hummus
[2025-05-21 15:56:46] ⚠️ Already exists: Cap de llom filetejat a la planxa
[2025-05-21 15:56:47] ⚠️ Already exists: Conill d'espatlla d'anoll
[2025-05-21 15:56:47] ⚠️ Already exists: Jarret d'anoll
[2025-05-21 15:56:49] ⚠️ Already exists: Mixt de bull negre i donegal
[2025-05-21 15:56:50] ⚠️ Already exists: Salmó adults
[2025-05-21 15:56:51] ⚠️ Already exists: Salmó adults
[2025-05-21 15:56:53] ⚠️ Already exists: Original adults
[2025-05-21 15:56:54] ⚠️ Already exists: Original adults
[2025-05-21 15:56:55] ⚠️ Already exists: Junior 2-12 mesos
[2025-05-21 15:56:55] ⚠️ Already exists: Junior 2-12 mesos
[2025-05-21 15:56:56] ⚠️ Already exists: Pit de pollastre groc sencer
[2025-05-21 15:56:57] ⚠️ Already exists: Pernilets de pollastre groc
[2025-05-21 15:56:58] ⚠️ Already exists: Pit de pollastre blanc sencer
[2025-05-21 15:56:59] ⚠️ Already exists: Pernilets de pollastre blanc
[2025-05-21 15:57:00] ⚠️ Already exists: Pit de pollastre groc filetejat
[2025-05-21 15:57:03] ⚠️ Already exists: Pit de pollastre sencer 65% cereals
[2025-05-21 15:57:03] 🌐 Visiting: https://www.bonarea-online.com/online/carns-i-ous/conill
[2025-05-21 15:58:03] ❌ Error loading or parsing page 'conill': Page.goto: Timeout 60000ms exceeded.
Call log:
  - navigating to "https://www.bonarea-online.com/online/carns-i-ous/conill", waiting until "networkidle"

[2025-05-21 15:58:03] 📀 HTML saved as bonarea_conill_debug.html
[2025-05-21 15:58:04] 🌐 Visiting: https://www.bonarea-online.com/online/carns-i-ous/porc
[2025-05-21 15:58:56] 🔎 Found 24 product(s) in category 'porc'
[2025-05-21 15:58:57] ⚠️ Already exists: Gaspatxo
[2025-05-21 15:58:58] ⚠️ Already exists: Salmorejo
[2025-05-21 15:58:58] ⚠️ Already exists: Gaspatxo bric
[2025-05-21 15:58:59] ⚠️ Already exists: Salmorejo bric
[2025-05-21 15:58:59] ⚠️ Already exists: Gaspatxo estil andalús
[2025-05-21 15:59:00] ⚠️ Already exists: Gaspatxo de maduixa
[2025-05-21 15:59:02] ⚠️ Already exists: LLOM FILETEJAT A LA P
[2025-05-21 15:59:03] ⚠️ Already exists: Hummus
[2025-05-21 15:59:04] ⚠️ Already exists: Cap de llom filetejat a la planxa
[2025-05-21 15:59:05] ⚠️ Already exists: Conill d'espatlla d'anoll
[2025-05-21 15:59:06] ⚠️ Already exists: Jarret d'anoll
[2025-05-21 15:59:07] ⚠️ Already exists: Mixt de bull negre i donegal
[2025-05-21 15:59:08] ⚠️ Already exists: Salmó adults
[2025-05-21 15:59:08] ⚠️ Already exists: Salmó adults
[2025-05-21 15:59:09] ⚠️ Already exists: Original adults
[2025-05-21 15:59:10] ⚠️ Already exists: Original adults
[2025-05-21 15:59:11] ⚠️ Already exists: Junior 2-12 mesos
[2025-05-21 15:59:12] ⚠️ Already exists: Junior 2-12 mesos
[2025-05-21 15:59:12] ⚠️ Already exists: Pit de pollastre groc sencer
[2025-05-21 15:59:13] ⚠️ Already exists: Pernilets de pollastre groc
[2025-05-21 15:59:13] ⚠️ Already exists: Pit de pollastre blanc sencer
[2025-05-21 15:59:14] ⚠️ Already exists: Pernilets de pollastre blanc
[2025-05-21 15:59:14] ⚠️ Already exists: Pit de pollastre groc filetejat
[2025-05-21 15:59:15] ⚠️ Already exists: Pit de pollastre sencer 65% cereals
[2025-05-21 15:59:16] 🌐 Visiting: https://www.bonarea-online.com/online/carns-i-ous/vedella
[2025-05-21 16:00:05] 🔎 Found 24 product(s) in category 'vedella'
[2025-05-21 16:00:06] ⚠️ Already exists: Gaspatxo
[2025-05-21 16:00:07] ⚠️ Already exists: Salmorejo
[2025-05-21 16:00:08] ⚠️ Already exists: Gaspatxo bric
[2025-05-21 16:00:10] ⚠️ Already exists: Salmorejo bric
[2025-05-21 16:00:10] ⚠️ Already exists: Gaspatxo estil andalús
[2025-05-21 16:00:11] ⚠️ Already exists: Gaspatxo de maduixa
[2025-05-21 16:00:11] ⚠️ Already exists: LLOM FILETEJAT A LA P
[2025-05-21 16:00:12] ⚠️ Already exists: Hummus
[2025-05-21 16:00:12] ⚠️ Already exists: Cap de llom filetejat a la planxa
[2025-05-21 16:00:13] ⚠️ Already exists: Conill d'espatlla d'anoll
[2025-05-21 16:00:14] ⚠️ Already exists: Jarret d'anoll
[2025-05-21 16:00:15] ⚠️ Already exists: Mixt de bull negre i donegal
[2025-05-21 16:00:15] ⚠️ Already exists: Salmó adults
[2025-05-21 16:00:16] ⚠️ Already exists: Salmó adults
[2025-05-21 16:00:17] ⚠️ Already exists: Original adults
[2025-05-21 16:00:17] ⚠️ Already exists: Original adults
[2025-05-21 16:00:18] ⚠️ Already exists: Junior 2-12 mesos
[2025-05-21 16:00:18] ⚠️ Already exists: Junior 2-12 mesos
[2025-05-21 16:00:20] ⚠️ Already exists: Pit de pollastre groc sencer
[2025-05-21 16:00:20] ⚠️ Already exists: Pernilets de pollastre groc
[2025-05-21 16:00:21] ⚠️ Already exists: Pit de pollastre blanc sencer
[2025-05-21 16:00:21] ⚠️ Already exists: Pernilets de pollastre blanc
[2025-05-21 16:00:22] ⚠️ Already exists: Pit de pollastre groc filetejat
[2025-05-21 16:00:22] ⚠️ Already exists: Pit de pollastre sencer 65% cereals
[2025-05-21 16:00:23] 🌐 Visiting: https://www.bonarea-online.com/online/lactics-i-derivats
[2025-05-21 16:00:43] 🔎 Found 24 product(s) in category 'lactis'
[2025-05-21 16:00:44] ⚠️ Already exists: Gaspatxo
[2025-05-21 16:00:45] ⚠️ Already exists: Salmorejo
[2025-05-21 16:00:45] ⚠️ Already exists: Gaspatxo bric
[2025-05-21 16:00:46] ⚠️ Already exists: Salmorejo bric
[2025-05-21 16:00:47] ⚠️ Already exists: Gaspatxo estil andalús
[2025-05-21 16:00:47] ⚠️ Already exists: Gaspatxo de maduixa
[2025-05-21 16:00:48] ⚠️ Already exists: LLOM FILETEJAT A LA P
[2025-05-21 16:00:48] ⚠️ Already exists: Hummus
[2025-05-21 16:00:49] ⚠️ Already exists: Cap de llom filetejat a la planxa
[2025-05-21 16:00:49] ⚠️ Already exists: Conill d'espatlla d'anoll
[2025-05-21 16:00:50] ⚠️ Already exists: Jarret d'anoll
[2025-05-21 16:00:51] ⚠️ Already exists: Mixt de bull negre i donegal
[2025-05-21 16:00:51] ⚠️ Already exists: Salmó adults
[2025-05-21 16:00:52] ⚠️ Already exists: Salmó adults
[2025-05-21 16:00:53] ⚠️ Already exists: Original adults
[2025-05-21 16:00:53] ⚠️ Already exists: Original adults
[2025-05-21 16:00:54] ⚠️ Already exists: Junior 2-12 mesos
[2025-05-21 16:00:54] ⚠️ Already exists: Junior 2-12 mesos
[2025-05-21 16:00:55] ⚠️ Already exists: Pit de pollastre groc sencer
[2025-05-21 16:00:56] ⚠️ Already exists: Pernilets de pollastre groc
[2025-05-21 16:00:56] ⚠️ Already exists: Pit de pollastre blanc sencer
[2025-05-21 16:00:57] ⚠️ Already exists: Pernilets de pollastre blanc
[2025-05-21 16:00:58] ⚠️ Already exists: Pit de pollastre groc filetejat
[2025-05-21 16:00:58] ⚠️ Already exists: Pit de pollastre sencer 65% cereals
[2025-05-21 16:00:59] 🌐 Visiting: https://www.bonarea-online.com/online/embotits-i-xarcuteria
[2025-05-21 16:01:37] 🔎 Found 24 product(s) in category 'embotits'
[2025-05-21 16:01:38] ⚠️ Already exists: Gaspatxo
[2025-05-21 16:01:39] ⚠️ Already exists: Salmorejo
[2025-05-21 16:01:40] ⚠️ Already exists: Gaspatxo bric
[2025-05-21 16:01:40] ⚠️ Already exists: Salmorejo bric
[2025-05-21 16:01:41] ⚠️ Already exists: Gaspatxo estil andalús
[2025-05-21 16:01:42] ⚠️ Already exists: Gaspatxo de maduixa
[2025-05-21 16:01:42] ⚠️ Already exists: LLOM FILETEJAT A LA P
[2025-05-21 16:01:43] ⚠️ Already exists: Hummus
[2025-05-21 16:01:43] ⚠️ Already exists: Cap de llom filetejat a la planxa
[2025-05-21 16:01:45] ⚠️ Already exists: Conill d'espatlla d'anoll
[2025-05-21 16:01:46] ⚠️ Already exists: Jarret d'anoll
[2025-05-21 16:01:46] ⚠️ Already exists: Mixt de bull negre i donegal
[2025-05-21 16:01:47] ⚠️ Already exists: Salmó adults
[2025-05-21 16:01:47] ⚠️ Already exists: Salmó adults
[2025-05-21 16:01:48] ⚠️ Already exists: Original adults
[2025-05-21 16:01:48] ⚠️ Already exists: Original adults
[2025-05-21 16:01:49] ⚠️ Already exists: Junior 2-12 mesos
[2025-05-21 16:01:49] ⚠️ Already exists: Junior 2-12 mesos
[2025-05-21 16:01:50] ⚠️ Already exists: Pit de pollastre groc sencer
[2025-05-21 16:01:50] ⚠️ Already exists: Pernilets de pollastre groc
[2025-05-21 16:01:51] ⚠️ Already exists: Pit de pollastre blanc sencer
[2025-05-21 16:01:51] ⚠️ Already exists: Pernilets de pollastre blanc
[2025-05-21 16:01:52] ⚠️ Already exists: Pit de pollastre groc filetejat
[2025-05-21 16:01:52] ⚠️ Already exists: Pit de pollastre sencer 65% cereals
[2025-05-21 16:01:53] 🌐 Visiting: https://www.bonarea-online.com/online/begudes/begudes
[2025-05-21 16:02:17] 🔎 Found 24 product(s) in category 'begudes'
[2025-05-21 16:02:18] ⚠️ Already exists: Gaspatxo
[2025-05-21 16:02:19] ⚠️ Already exists: Salmorejo
[2025-05-21 16:02:19] ⚠️ Already exists: Gaspatxo bric
[2025-05-21 16:02:20] ⚠️ Already exists: Salmorejo bric
[2025-05-21 16:02:20] ⚠️ Already exists: Gaspatxo estil andalús
[2025-05-21 16:02:21] ⚠️ Already exists: Gaspatxo de maduixa
[2025-05-21 16:02:21] ⚠️ Already exists: LLOM FILETEJAT A LA P
[2025-05-21 16:02:22] ⚠️ Already exists: Hummus
[2025-05-21 16:02:22] ⚠️ Already exists: Cap de llom filetejat a la planxa
[2025-05-21 16:02:23] ⚠️ Already exists: Conill d'espatlla d'anoll
[2025-05-21 16:02:24] ⚠️ Already exists: Jarret d'anoll
[2025-05-21 16:02:25] ⚠️ Already exists: Mixt de bull negre i donegal
[2025-05-21 16:02:26] ⚠️ Already exists: Salmó adults
[2025-05-21 16:02:26] ⚠️ Already exists: Salmó adults
[2025-05-21 16:02:27] ⚠️ Already exists: Original adults
[2025-05-21 16:02:27] ⚠️ Already exists: Original adults
[2025-05-21 16:02:28] ⚠️ Already exists: Junior 2-12 mesos
[2025-05-21 16:02:29] ⚠️ Already exists: Junior 2-12 mesos
[2025-05-21 16:02:30] ⚠️ Already exists: Pit de pollastre groc sencer
[2025-05-21 16:02:30] ⚠️ Already exists: Pernilets de pollastre groc
[2025-05-21 16:02:31] ⚠️ Already exists: Pit de pollastre blanc sencer
[2025-05-21 16:02:32] ⚠️ Already exists: Pernilets de pollastre blanc
[2025-05-21 16:02:32] ⚠️ Already exists: Pit de pollastre groc filetejat
[2025-05-21 16:02:33] ⚠️ Already exists: Pit de pollastre sencer 65% cereals
[2025-05-21 16:02:34] 🌐 Visiting: https://www.bonarea-online.com/online/plats-preparats
[2025-05-21 16:03:13] 🔎 Found 24 product(s) in category 'plats'
[2025-05-21 16:03:15] ⚠️ Already exists: Gaspatxo
[2025-05-21 16:03:16] ⚠️ Already exists: Salmorejo
[2025-05-21 16:03:17] ⚠️ Already exists: Gaspatxo bric
[2025-05-21 16:03:17] ⚠️ Already exists: Salmorejo bric
[2025-05-21 16:03:17] ⚠️ Already exists: Gaspatxo estil andalús
[2025-05-21 16:03:18] ⚠️ Already exists: Gaspatxo de maduixa
[2025-05-21 16:03:18] ⚠️ Already exists: LLOM FILETEJAT A LA P
[2025-05-21 16:03:19] ⚠️ Already exists: Hummus
[2025-05-21 16:03:19] ⚠️ Already exists: Cap de llom filetejat a la planxa
[2025-05-21 16:03:20] ⚠️ Already exists: Conill d'espatlla d'anoll
[2025-05-21 16:03:21] ⚠️ Already exists: Jarret d'anoll
[2025-05-21 16:03:21] ⚠️ Already exists: Mixt de bull negre i donegal
[2025-05-21 16:03:22] ⚠️ Already exists: Salmó adults
[2025-05-21 16:03:22] ⚠️ Already exists: Salmó adults
[2025-05-21 16:03:23] ⚠️ Already exists: Original adults
[2025-05-21 16:03:24] ⚠️ Already exists: Original adults
[2025-05-21 16:03:25] ⚠️ Already exists: Junior 2-12 mesos
[2025-05-21 16:03:26] ⚠️ Already exists: Junior 2-12 mesos
[2025-05-21 16:03:26] ⚠️ Already exists: Pit de pollastre groc sencer
[2025-05-21 16:03:27] ⚠️ Already exists: Pernilets de pollastre groc
[2025-05-21 16:03:28] ⚠️ Already exists: Pit de pollastre blanc sencer
[2025-05-21 16:03:28] ⚠️ Already exists: Pernilets de pollastre blanc
[2025-05-21 16:03:29] ⚠️ Already exists: Pit de pollastre groc filetejat
[2025-05-21 16:03:30] ⚠️ Already exists: Pit de pollastre sencer 65% cereals
[2025-05-21 16:03:30] 🌐 Visiting: https://www.bonarea-online.com/online/congelats
[2025-05-21 16:04:03] 🔎 Found 24 product(s) in category 'congelats'
[2025-05-21 16:04:04] ⚠️ Already exists: Gaspatxo
[2025-05-21 16:04:05] ⚠️ Already exists: Salmorejo
[2025-05-21 16:04:05] ⚠️ Already exists: Gaspatxo bric
[2025-05-21 16:04:07] ⚠️ Already exists: Salmorejo bric
[2025-05-21 16:04:07] ⚠️ Already exists: Gaspatxo estil andalús
[2025-05-21 16:04:08] ⚠️ Already exists: Gaspatxo de maduixa
[2025-05-21 16:04:08] ⚠️ Already exists: LLOM FILETEJAT A LA P
[2025-05-21 16:04:10] ⚠️ Already exists: Hummus
[2025-05-21 16:04:11] ⚠️ Already exists: Cap de llom filetejat a la planxa
[2025-05-21 16:04:16] 🌐 Visiting: https://www.bonarea-online.com/online/carns-i-ous
[2025-05-21 16:04:40] 🔎 Found 24 product(s) in category 'carn'
[2025-05-21 16:04:42] ⚠️ Already exists: Gaspatxo
[2025-05-21 16:04:42] ⚠️ Already exists: Salmorejo
[2025-05-21 16:04:43] ⚠️ Already exists: Gaspatxo bric
[2025-05-21 16:04:43] ⚠️ Already exists: Salmorejo bric
[2025-05-21 16:04:44] ⚠️ Already exists: Gaspatxo estil andalús
[2025-05-21 16:04:44] ⚠️ Already exists: Gaspatxo de maduixa
[2025-05-21 16:04:45] ⚠️ Already exists: LLOM FILETEJAT A LA P
[2025-05-21 16:04:46] ⚠️ Already exists: Hummus
[2025-05-21 16:04:46] ⚠️ Already exists: Cap de llom filetejat a la planxa
[2025-05-21 16:04:47] ⚠️ Already exists: Conill d'espatlla d'anoll
[2025-05-21 16:04:48] ⚠️ Already exists: Jarret d'anoll
[2025-05-21 16:04:48] ⚠️ Already exists: Mixt de bull negre i donegal
[2025-05-21 16:04:49] ⚠️ Already exists: Salmó adults
[2025-05-21 16:04:49] ⚠️ Already exists: Salmó adults
[2025-05-21 16:04:50] ⚠️ Already exists: Original adults
[2025-05-21 16:04:51] ⚠️ Already exists: Original adults
[2025-05-21 16:04:51] ⚠️ Already exists: Junior 2-12 mesos
[2025-05-21 16:04:52] ⚠️ Already exists: Junior 2-12 mesos
[2025-05-21 16:04:53] ⚠️ Already exists: Pit de pollastre groc sencer
[2025-05-21 16:04:53] ⚠️ Already exists: Pernilets de pollastre groc
[2025-05-21 16:04:54] ⚠️ Already exists: Pit de pollastre blanc sencer
[2025-05-21 16:04:54] ⚠️ Already exists: Pernilets de pollastre blanc
[2025-05-21 16:04:55] ⚠️ Already exists: Pit de pollastre groc filetejat
[2025-05-21 16:04:55] ⚠️ Already exists: Pit de pollastre sencer 65% cereals
[2025-05-21 16:04:56] 🌐 Visiting: https://www.bonarea-online.com/online/carns-i-ous/pollastre
[2025-05-21 16:05:15] 🔎 Found 24 product(s) in category 'pollastre'
[2025-05-21 16:05:16] ⚠️ Already exists: Gaspatxo
[2025-05-21 16:05:16] ⚠️ Already exists: Salmorejo
[2025-05-21 16:05:17] ⚠️ Already exists: Gaspatxo bric
[2025-05-21 16:05:17] ⚠️ Already exists: Salmorejo bric
[2025-05-21 16:05:19] ⚠️ Already exists: Gaspatxo estil andalús
[2025-05-21 16:05:20] ⚠️ Already exists: Gaspatxo de maduixa
[2025-05-21 16:05:23] ⚠️ Already exists: LLOM FILETEJAT A LA P
[2025-05-21 16:05:24] ⚠️ Already exists: Hummus
[2025-05-21 16:05:24] ⚠️ Already exists: Cap de llom filetejat a la planxa
[2025-05-21 16:05:26] ⚠️ Already exists: Conill d'espatlla d'anoll
[2025-05-21 16:05:27] ⚠️ Already exists: Jarret d'anoll
[2025-05-21 16:05:28] ⚠️ Already exists: Mixt de bull negre i donegal
[2025-05-21 16:05:29] ⚠️ Already exists: Salmó adults
[2025-05-21 16:05:30] ⚠️ Already exists: Salmó adults
[2025-05-21 16:05:30] ⚠️ Already exists: Original adults
[2025-05-21 16:05:31] ⚠️ Already exists: Original adults
[2025-05-21 16:05:32] ⚠️ Already exists: Junior 2-12 mesos
[2025-05-21 16:05:33] ⚠️ Already exists: Junior 2-12 mesos
[2025-05-21 16:05:33] ⚠️ Already exists: Pit de pollastre groc sencer
[2025-05-21 16:05:34] ⚠️ Already exists: Pernilets de pollastre groc
[2025-05-21 16:05:36] ⚠️ Already exists: Pit de pollastre blanc sencer
[2025-05-21 16:05:36] ⚠️ Already exists: Pernilets de pollastre blanc
[2025-05-21 16:05:37] ⚠️ Already exists: Pit de pollastre groc filetejat
[2025-05-21 16:05:37] ⚠️ Already exists: Pit de pollastre sencer 65% cereals
[2025-05-21 16:05:38] 🌐 Visiting: https://www.bonarea-online.com/online/carns-i-ous/conill
[2025-05-21 16:06:12] 🔎 Found 24 product(s) in category 'conill'
[2025-05-21 16:06:13] ⚠️ Already exists: Gaspatxo
[2025-05-21 16:06:14] ⚠️ Already exists: Salmorejo
[2025-05-21 16:06:15] ⚠️ Already exists: Gaspatxo bric
[2025-05-21 16:06:16] ⚠️ Already exists: Salmorejo bric
[2025-05-21 16:06:16] ⚠️ Already exists: Gaspatxo estil andalús
[2025-05-21 16:06:17] ⚠️ Already exists: Gaspatxo de maduixa
[2025-05-21 16:06:17] ⚠️ Already exists: LLOM FILETEJAT A LA P
[2025-05-21 16:06:18] ⚠️ Already exists: Hummus
[2025-05-21 16:06:20] ⚠️ Already exists: Cap de llom filetejat a la planxa
[2025-05-21 16:06:20] ⚠️ Already exists: Conill d'espatlla d'anoll
[2025-05-21 16:06:21] ⚠️ Already exists: Jarret d'anoll
[2025-05-21 16:06:21] ⚠️ Already exists: Mixt de bull negre i donegal
[2025-05-21 16:06:24] ⚠️ Already exists: Salmó adults
[2025-05-21 16:06:24] ⚠️ Already exists: Salmó adults
[2025-05-21 16:06:25] ⚠️ Already exists: Original adults
[2025-05-21 16:06:25] ⚠️ Already exists: Original adults
[2025-05-21 16:06:26] ⚠️ Already exists: Junior 2-12 mesos
[2025-05-21 16:06:27] ⚠️ Already exists: Junior 2-12 mesos
[2025-05-21 16:06:27] ⚠️ Already exists: Pit de pollastre groc sencer
[2025-05-21 16:06:28] ⚠️ Already exists: Pernilets de pollastre groc
[2025-05-21 16:06:29] ⚠️ Already exists: Pit de pollastre blanc sencer
[2025-05-21 16:06:29] ⚠️ Already exists: Pernilets de pollastre blanc
[2025-05-21 16:06:30] ⚠️ Already exists: Pit de pollastre groc filetejat
[2025-05-21 16:06:30] ⚠️ Already exists: Pit de pollastre sencer 65% cereals
[2025-05-21 16:06:31] 🌐 Visiting: https://www.bonarea-online.com/online/carns-i-ous/porc
[2025-05-21 16:06:51] 🔎 Found 24 product(s) in category 'porc'
[2025-05-21 16:06:52] ⚠️ Already exists: Gaspatxo
[2025-05-21 16:06:53] ⚠️ Already exists: Salmorejo
[2025-05-21 16:06:53] ⚠️ Already exists: Gaspatxo bric
[2025-05-21 16:06:54] ⚠️ Already exists: Salmorejo bric
[2025-05-21 16:06:54] ⚠️ Already exists: Gaspatxo estil andalús
[2025-05-21 16:06:55] ⚠️ Already exists: Gaspatxo de maduixa
[2025-05-21 16:06:55] ⚠️ Already exists: LLOM FILETEJAT A LA P
[2025-05-21 16:06:56] ⚠️ Already exists: Hummus
[2025-05-21 16:06:56] ⚠️ Already exists: Cap de llom filetejat a la planxa
[2025-05-21 16:06:57] ⚠️ Already exists: Conill d'espatlla d'anoll
[2025-05-21 16:06:57] ⚠️ Already exists: Jarret d'anoll
[2025-05-21 16:06:58] ⚠️ Already exists: Mixt de bull negre i donegal
[2025-05-21 16:06:58] ⚠️ Already exists: Salmó adults
[2025-05-21 16:06:59] ⚠️ Already exists: Salmó adults
[2025-05-21 16:06:59] ⚠️ Already exists: Original adults
[2025-05-21 16:07:00] ⚠️ Already exists: Original adults
[2025-05-21 16:07:00] ⚠️ Already exists: Junior 2-12 mesos
[2025-05-21 16:07:01] ⚠️ Already exists: Junior 2-12 mesos
[2025-05-21 16:07:01] ⚠️ Already exists: Pit de pollastre groc sencer
[2025-05-21 16:07:02] ⚠️ Already exists: Pernilets de pollastre groc
[2025-05-21 16:07:03] ⚠️ Already exists: Pit de pollastre blanc sencer
[2025-05-21 16:07:03] ⚠️ Already exists: Pernilets de pollastre blanc
[2025-05-21 16:07:04] ⚠️ Already exists: Pit de pollastre groc filetejat
[2025-05-21 16:07:05] ⚠️ Already exists: Pit de pollastre sencer 65% cereals
[2025-05-21 16:07:05] 🌐 Visiting: https://www.bonarea-online.com/online/carns-i-ous/vedella
[2025-05-21 16:07:24] 🔎 Found 24 product(s) in category 'vedella'
[2025-05-21 16:07:26] ⚠️ Already exists: Gaspatxo
[2025-05-21 16:07:27] ⚠️ Already exists: Salmorejo
[2025-05-21 16:07:27] ⚠️ Already exists: Gaspatxo bric
[2025-05-21 16:07:28] ⚠️ Already exists: Salmorejo bric
[2025-05-21 16:07:28] ⚠️ Already exists: Gaspatxo estil andalús
[2025-05-21 16:07:29] ⚠️ Already exists: Gaspatxo de maduixa
[2025-05-21 16:07:30] ⚠️ Already exists: LLOM FILETEJAT A LA P
[2025-05-21 16:07:30] ⚠️ Already exists: Hummus
[2025-05-21 16:07:31] ⚠️ Already exists: Cap de llom filetejat a la planxa
[2025-05-21 16:07:31] ⚠️ Already exists: Conill d'espatlla d'anoll
[2025-05-21 16:07:31] ⚠️ Already exists: Jarret d'anoll
[2025-05-21 16:07:32] ⚠️ Already exists: Mixt de bull negre i donegal
[2025-05-21 16:07:32] ⚠️ Already exists: Salmó adults
[2025-05-21 16:07:33] ⚠️ Already exists: Salmó adults
[2025-05-21 16:07:34] ⚠️ Already exists: Original adults
[2025-05-21 16:07:35] ⚠️ Already exists: Original adults
[2025-05-21 16:07:35] ⚠️ Already exists: Junior 2-12 mesos
[2025-05-21 16:07:36] ⚠️ Already exists: Junior 2-12 mesos
[2025-05-21 16:07:36] ⚠️ Already exists: Pit de pollastre groc sencer
[2025-05-21 16:07:37] ⚠️ Already exists: Pernilets de pollastre groc
[2025-05-21 16:07:37] ⚠️ Already exists: Pit de pollastre blanc sencer
[2025-05-21 16:07:38] ⚠️ Already exists: Pernilets de pollastre blanc
[2025-05-21 16:07:38] ⚠️ Already exists: Pit de pollastre groc filetejat
[2025-05-21 16:07:39] ⚠️ Already exists: Pit de pollastre sencer 65% cereals
[2025-05-21 16:07:40] 🌐 Visiting: https://www.bonarea-online.com/online/lactics-i-derivats
[2025-05-21 16:08:05] 🔎 Found 24 product(s) in category 'lactis'
[2025-05-21 16:08:06] ⚠️ Already exists: Gaspatxo
[2025-05-21 16:08:07] ⚠️ Already exists: Salmorejo
[2025-05-21 16:08:07] ⚠️ Already exists: Gaspatxo bric
[2025-05-21 16:08:08] ⚠️ Already exists: Salmorejo bric
[2025-05-21 16:08:08] ⚠️ Already exists: Gaspatxo estil andalús
[2025-05-21 16:08:09] ⚠️ Already exists: Gaspatxo de maduixa
[2025-05-21 16:08:09] ⚠️ Already exists: LLOM FILETEJAT A LA P
[2025-05-21 16:08:10] ⚠️ Already exists: Hummus
[2025-05-21 16:08:10] ⚠️ Already exists: Cap de llom filetejat a la planxa
[2025-05-21 16:08:11] ⚠️ Already exists: Conill d'espatlla d'anoll
[2025-05-21 16:08:11] ⚠️ Already exists: Jarret d'anoll
[2025-05-21 16:08:12] ⚠️ Already exists: Mixt de bull negre i donegal
[2025-05-21 16:08:12] ⚠️ Already exists: Salmó adults
[2025-05-21 16:08:13] ⚠️ Already exists: Salmó adults
[2025-05-21 16:08:14] ⚠️ Already exists: Original adults
[2025-05-21 16:08:14] ⚠️ Already exists: Original adults
[2025-05-21 16:08:15] ⚠️ Already exists: Junior 2-12 mesos
[2025-05-21 16:08:15] ⚠️ Already exists: Junior 2-12 mesos
[2025-05-21 16:08:16] ⚠️ Already exists: Pit de pollastre groc sencer
[2025-05-21 16:08:16] ⚠️ Already exists: Pernilets de pollastre groc
[2025-05-21 16:08:17] ⚠️ Already exists: Pit de pollastre blanc sencer
[2025-05-21 16:08:17] ⚠️ Already exists: Pernilets de pollastre blanc
[2025-05-21 16:08:18] ⚠️ Already exists: Pit de pollastre groc filetejat
[2025-05-21 16:08:18] ⚠️ Already exists: Pit de pollastre sencer 65% cereals
[2025-05-21 16:08:19] 🌐 Visiting: https://www.bonarea-online.com/online/embotits-i-xarcuteria
[2025-05-21 16:08:50] 🔎 Found 24 product(s) in category 'embotits'
[2025-05-21 16:08:52] ⚠️ Already exists: Gaspatxo
[2025-05-21 16:08:52] ⚠️ Already exists: Salmorejo
[2025-05-21 16:08:53] ⚠️ Already exists: Gaspatxo bric
[2025-05-21 16:08:53] ⚠️ Already exists: Salmorejo bric
[2025-05-21 16:08:54] ⚠️ Already exists: Gaspatxo estil andalús
[2025-05-21 16:08:54] ⚠️ Already exists: Gaspatxo de maduixa
[2025-05-21 16:08:55] ⚠️ Already exists: LLOM FILETEJAT A LA P
[2025-05-21 16:08:55] ⚠️ Already exists: Hummus
[2025-05-21 16:08:56] ⚠️ Already exists: Cap de llom filetejat a la planxa
[2025-05-21 16:08:56] ⚠️ Already exists: Conill d'espatlla d'anoll
[2025-05-21 16:08:56] ⚠️ Already exists: Jarret d'anoll
[2025-05-21 16:08:57] ⚠️ Already exists: Mixt de bull negre i donegal
[2025-05-21 16:08:57] ⚠️ Already exists: Salmó adults
[2025-05-21 16:08:58] ⚠️ Already exists: Salmó adults
[2025-05-21 16:08:59] ⚠️ Already exists: Original adults
[2025-05-21 16:08:59] ⚠️ Already exists: Original adults
[2025-05-21 16:09:00] ⚠️ Already exists: Junior 2-12 mesos
[2025-05-21 16:09:01] ⚠️ Already exists: Junior 2-12 mesos
[2025-05-21 16:09:01] ⚠️ Already exists: Pit de pollastre groc sencer
[2025-05-21 16:09:03] ⚠️ Already exists: Pernilets de pollastre groc
[2025-05-21 16:09:04] ⚠️ Already exists: Pit de pollastre blanc sencer
[2025-05-21 16:09:04] ⚠️ Already exists: Pernilets de pollastre blanc
[2025-05-21 16:09:05] ⚠️ Already exists: Pit de pollastre groc filetejat
[2025-05-21 16:09:05] ⚠️ Already exists: Pit de pollastre sencer 65% cereals
[2025-05-21 16:09:06] 🌐 Visiting: https://www.bonarea-online.com/online/begudes/begudes
[2025-05-21 16:09:55] 🔎 Found 24 product(s) in category 'begudes'
[2025-05-21 16:09:56] ⚠️ Already exists: Gaspatxo
[2025-05-21 16:09:57] ⚠️ Already exists: Salmorejo
[2025-05-21 16:09:57] ⚠️ Already exists: Gaspatxo bric
[2025-05-21 16:09:58] ⚠️ Already exists: Salmorejo bric
[2025-05-21 16:09:58] ⚠️ Already exists: Gaspatxo estil andalús
[2025-05-21 16:09:59] ⚠️ Already exists: Gaspatxo de maduixa
[2025-05-21 16:09:59] ⚠️ Already exists: LLOM FILETEJAT A LA P
[2025-05-21 16:10:00] ⚠️ Already exists: Hummus
[2025-05-21 16:10:00] ⚠️ Already exists: Cap de llom filetejat a la planxa
[2025-05-21 16:10:02] ⚠️ Already exists: Conill d'espatlla d'anoll
[2025-05-21 16:10:02] ⚠️ Already exists: Jarret d'anoll
[2025-05-21 16:10:03] ⚠️ Already exists: Mixt de bull negre i donegal
[2025-05-21 16:10:03] ⚠️ Already exists: Salmó adults
[2025-05-21 16:10:04] ⚠️ Already exists: Salmó adults
[2025-05-21 16:10:05] ⚠️ Already exists: Original adults
[2025-05-21 16:10:05] ⚠️ Already exists: Original adults
[2025-05-21 16:10:06] ⚠️ Already exists: Junior 2-12 mesos
[2025-05-21 16:10:06] ⚠️ Already exists: Junior 2-12 mesos
[2025-05-21 16:10:07] ⚠️ Already exists: Pit de pollastre groc sencer
[2025-05-21 16:10:07] ⚠️ Already exists: Pernilets de pollastre groc
[2025-05-21 16:10:08] ⚠️ Already exists: Pit de pollastre blanc sencer
[2025-05-21 16:10:08] ⚠️ Already exists: Pernilets de pollastre blanc
[2025-05-21 16:10:09] ⚠️ Already exists: Pit de pollastre groc filetejat
[2025-05-21 16:10:09] ⚠️ Already exists: Pit de pollastre sencer 65% cereals
[2025-05-21 16:10:10] 🌐 Visiting: https://www.bonarea-online.com/online/plats-preparats
[2025-05-21 16:10:25] 🔎 Found 24 product(s) in category 'plats'
[2025-05-21 16:10:26] ⚠️ Already exists: Gaspatxo
[2025-05-21 16:10:27] ⚠️ Already exists: Salmorejo
[2025-05-21 16:10:27] ⚠️ Already exists: Gaspatxo bric
[2025-05-21 16:10:28] ⚠️ Already exists: Salmorejo bric
[2025-05-21 16:10:28] ⚠️ Already exists: Gaspatxo estil andalús
[2025-05-21 16:10:29] ⚠️ Already exists: Gaspatxo de maduixa
[2025-05-21 16:10:29] ⚠️ Already exists: LLOM FILETEJAT A LA P
[2025-05-21 16:10:30] ⚠️ Already exists: Hummus
[2025-05-21 16:10:30] ⚠️ Already exists: Cap de llom filetejat a la planxa
[2025-05-21 16:10:31] ⚠️ Already exists: Conill d'espatlla d'anoll
[2025-05-21 16:10:31] ⚠️ Already exists: Jarret d'anoll
[2025-05-21 16:10:32] ⚠️ Already exists: Mixt de bull negre i donegal
[2025-05-21 16:10:32] ⚠️ Already exists: Salmó adults
[2025-05-21 16:10:33] ⚠️ Already exists: Salmó adults
[2025-05-21 16:10:33] ⚠️ Already exists: Original adults
[2025-05-21 16:10:34] ⚠️ Already exists: Original adults
[2025-05-21 16:10:34] ⚠️ Already exists: Junior 2-12 mesos
[2025-05-21 16:10:35] ⚠️ Already exists: Junior 2-12 mesos
[2025-05-21 16:10:35] ⚠️ Already exists: Pit de pollastre groc sencer
[2025-05-21 16:10:36] ⚠️ Already exists: Pernilets de pollastre groc
[2025-05-21 16:10:36] ⚠️ Already exists: Pit de pollastre blanc sencer
[2025-05-21 16:10:37] ⚠️ Already exists: Pernilets de pollastre blanc
[2025-05-21 16:10:37] ⚠️ Already exists: Pit de pollastre groc filetejat
[2025-05-21 16:10:38] ⚠️ Already exists: Pit de pollastre sencer 65% cereals
[2025-05-21 16:10:38] 🌐 Visiting: https://www.bonarea-online.com/online/congelats
[2025-05-21 16:10:56] 🔎 Found 24 product(s) in category 'congelats'
[2025-05-21 16:10:57] ⚠️ Already exists: Gaspatxo
[2025-05-21 16:10:57] ⚠️ Already exists: Salmorejo
[2025-05-21 16:10:58] ⚠️ Already exists: Gaspatxo bric
[2025-05-21 16:10:58] ⚠️ Already exists: Salmorejo bric
[2025-05-21 16:10:59] ⚠️ Already exists: Gaspatxo estil andalús
[2025-05-21 16:10:59] ⚠️ Already exists: Gaspatxo de maduixa
[2025-05-21 16:11:01] ⚠️ Already exists: LLOM FILETEJAT A LA P
[2025-05-21 16:11:02] ⚠️ Already exists: Hummus
[2025-05-21 16:11:02] ⚠️ Already exists: Cap de llom filetejat a la planxa
[2025-05-21 16:11:03] ⚠️ Already exists: Conill d'espatlla d'anoll
[2025-05-21 16:11:03] ⚠️ Already exists: Jarret d'anoll
[2025-05-21 16:11:04] ⚠️ Already exists: Mixt de bull negre i donegal
[2025-05-21 16:11:04] ⚠️ Already exists: Salmó adults
[2025-05-21 16:11:05] ⚠️ Already exists: Salmó adults
[2025-05-21 16:11:05] ⚠️ Already exists: Original adults
[2025-05-21 16:11:06] ⚠️ Already exists: Original adults
[2025-05-21 16:11:06] ⚠️ Already exists: Junior 2-12 mesos
[2025-05-21 16:11:07] ⚠️ Already exists: Junior 2-12 mesos
[2025-05-21 16:11:07] ⚠️ Already exists: Pit de pollastre groc sencer
[2025-05-21 16:11:08] ⚠️ Already exists: Pernilets de pollastre groc
[2025-05-21 16:11:09] ⚠️ Already exists: Pit de pollastre blanc sencer
[2025-05-21 16:11:09] ⚠️ Already exists: Pernilets de pollastre blanc
[2025-05-21 16:11:10] ⚠️ Already exists: Pit de pollastre groc filetejat
[2025-05-21 16:11:10] ⚠️ Already exists: Pit de pollastre sencer 65% cereals
[2025-05-21 16:11:11] 🌐 Visiting: https://www.bonarea-online.com/online/postres-i-dolcos
[2025-05-21 16:11:33] 🔎 Found 24 product(s) in category 'postres'
[2025-05-21 16:11:34] ⚠️ Already exists: Gaspatxo
[2025-05-21 16:11:35] ⚠️ Already exists: Salmorejo
[2025-05-21 16:11:35] ⚠️ Already exists: Gaspatxo bric
[2025-05-21 16:11:36] ⚠️ Already exists: Salmorejo bric
[2025-05-21 16:11:37] ⚠️ Already exists: Gaspatxo estil andalús
[2025-05-21 16:11:37] ⚠️ Already exists: Gaspatxo de maduixa
[2025-05-21 16:11:38] ⚠️ Already exists: LLOM FILETEJAT A LA P
[2025-05-21 16:11:38] ⚠️ Already exists: Hummus
[2025-05-21 16:11:39] ⚠️ Already exists: Cap de llom filetejat a la planxa
[2025-05-21 16:11:39] ⚠️ Already exists: Conill d'espatlla d'anoll
[2025-05-21 16:11:40] ⚠️ Already exists: Jarret d'anoll
[2025-05-21 16:11:41] ⚠️ Already exists: Mixt de bull negre i donegal
[2025-05-21 16:11:41] ⚠️ Already exists: Salmó adults
[2025-05-21 16:11:42] ⚠️ Already exists: Salmó adults
[2025-05-21 16:11:42] ⚠️ Already exists: Original adults
[2025-05-21 16:11:43] ⚠️ Already exists: Original adults
[2025-05-21 16:11:43] ⚠️ Already exists: Junior 2-12 mesos
[2025-05-21 16:11:44] ⚠️ Already exists: Junior 2-12 mesos
[2025-05-21 16:11:44] ⚠️ Already exists: Pit de pollastre groc sencer
[2025-05-21 16:11:45] ⚠️ Already exists: Pernilets de pollastre groc
[2025-05-21 16:11:45] ⚠️ Already exists: Pit de pollastre blanc sencer
[2025-05-21 16:11:46] ⚠️ Already exists: Pernilets de pollastre blanc
[2025-05-21 16:11:46] ⚠️ Already exists: Pit de pollastre groc filetejat
[2025-05-21 16:11:47] ⚠️ Already exists: Pit de pollastre sencer 65% cereals
[2025-05-21 16:11:47] 🌐 Visiting: https://www.bonarea-online.com/online/pa-i-brioxeria
[2025-05-21 16:12:06] 🔎 Found 24 product(s) in category 'pa'
[2025-05-21 16:12:08] ⚠️ Already exists: Gaspatxo
[2025-05-21 16:12:08] ⚠️ Already exists: Salmorejo
[2025-05-21 16:12:09] ⚠️ Already exists: Gaspatxo bric
[2025-05-21 16:12:10] ⚠️ Already exists: Salmorejo bric
[2025-05-21 16:12:10] ⚠️ Already exists: Gaspatxo estil andalús
[2025-05-21 16:12:11] ⚠️ Already exists: Gaspatxo de maduixa
[2025-05-21 16:12:11] ⚠️ Already exists: LLOM FILETEJAT A LA P
[2025-05-21 16:12:12] ⚠️ Already exists: Hummus
[2025-05-21 16:12:12] ⚠️ Already exists: Cap de llom filetejat a la planxa
[2025-05-21 16:12:13] ⚠️ Already exists: Conill d'espatlla d'anoll
[2025-05-21 16:12:14] ⚠️ Already exists: Jarret d'anoll
[2025-05-21 16:12:15] ⚠️ Already exists: Mixt de bull negre i donegal
[2025-05-21 16:12:15] ⚠️ Already exists: Salmó adults
[2025-05-21 16:12:15] ⚠️ Already exists: Salmó adults
[2025-05-21 16:12:16] ⚠️ Already exists: Original adults
[2025-05-21 16:12:16] ⚠️ Already exists: Original adults
[2025-05-21 16:12:17] ⚠️ Already exists: Junior 2-12 mesos
[2025-05-21 16:12:17] ⚠️ Already exists: Junior 2-12 mesos
[2025-05-21 16:12:18] ⚠️ Already exists: Pit de pollastre groc sencer
[2025-05-21 16:12:18] ⚠️ Already exists: Pernilets de pollastre groc
[2025-05-21 16:12:19] ⚠️ Already exists: Pit de pollastre blanc sencer
[2025-05-21 16:12:19] ⚠️ Already exists: Pernilets de pollastre blanc
[2025-05-21 16:12:20] ⚠️ Already exists: Pit de pollastre groc filetejat
[2025-05-21 16:12:21] ⚠️ Already exists: Pit de pollastre sencer 65% cereals
[2025-05-22 16:43:05] 🌐 Visiting: https://www.bonarea-online.com/online/carns-i-ous
[2025-05-22 16:43:16] 🔎 Found 24 product(s) in category 'carn'
[2025-05-22 16:43:18] ⚠️ Already exists: Gaspatxo
[2025-05-22 16:43:19] ⚠️ Already exists: Salmorejo
[2025-05-22 16:43:19] ⚠️ Already exists: Gaspatxo bric
[2025-05-22 16:43:20] ⚠️ Already exists: Salmorejo bric
[2025-05-22 16:43:21] ⚠️ Already exists: Gaspatxo estil andalús
[2025-05-22 16:43:21] ⚠️ Already exists: Gaspatxo de maduixa
[2025-05-22 16:43:21] ⚠️ Already exists: Hummus
[2025-05-22 16:43:22] ⚠️ Already exists: Cap de llom filetejat a la planxa
[2025-05-22 16:43:22] ⚠️ Already exists: Conill d'espatlla d'anoll
[2025-05-22 16:43:23] ⚠️ Already exists: Jarret d'anoll
[2025-05-22 16:43:23] ⚠️ Already exists: Mixt de bull negre i donegal
[2025-05-22 16:43:24] Attempting to insert product: {'name': 'Càpsules Nescafé Dolce Gusto espresso intens', 'price': 4.25, 'category': 'carn', 'store_id': 'bonarea', 'quantity': '16 u.'}
[2025-05-22 16:43:24] Supabase Response: data=[{'name': 'Càpsules Nescafé Dolce Gusto espresso intens', 'price': 4.25, 'category': 'carn', 'store_id': 'bonarea', 'quantity': '16 u.', 'id': '519ac030-4f4f-4fd6-bfde-9b035d5822c5', 'created_at': '2025-05-22T13:43:25.709962'}] count=None
[2025-05-22 16:43:24] ✅ Successfully inserted: Càpsules Nescafé Dolce Gusto espresso intens
[2025-05-22 16:43:24] ✅ Càpsules Nescafé Dolce Gusto espresso intens — 4.25 (16 u.)
[2025-05-22 16:43:24] ⚠️ Already exists: Salmó adults
[2025-05-22 16:43:25] ⚠️ Already exists: Salmó adults
[2025-05-22 16:43:25] ⚠️ Already exists: Original adults
[2025-05-22 16:43:26] ⚠️ Already exists: Original adults
[2025-05-22 16:43:26] ⚠️ Already exists: Junior 2-12 mesos
[2025-05-22 16:43:26] ⚠️ Already exists: Junior 2-12 mesos
[2025-05-22 16:43:27] ⚠️ Already exists: Pit de pollastre groc sencer
[2025-05-22 16:43:27] ⚠️ Already exists: Pernilets de pollastre groc
[2025-05-22 16:43:28] ⚠️ Already exists: Pit de pollastre blanc sencer
[2025-05-22 16:43:28] ⚠️ Already exists: Pernilets de pollastre blanc
[2025-05-22 16:43:28] ⚠️ Already exists: Pit de pollastre groc filetejat
[2025-05-22 16:43:29] ⚠️ Already exists: Pit de pollastre sencer 65% cereals
[2025-05-22 16:43:29] 🌐 Visiting: https://www.bonarea-online.com/online/carns-i-ous/pollastre
[2025-05-22 16:43:36] 🔎 Found 24 product(s) in category 'pollastre'
[2025-05-22 16:43:37] ⚠️ Already exists: Gaspatxo
[2025-05-22 16:43:38] ⚠️ Already exists: Salmorejo
[2025-05-22 16:43:38] ⚠️ Already exists: Gaspatxo bric
[2025-05-22 16:43:39] ⚠️ Already exists: Salmorejo bric
[2025-05-22 16:43:39] ⚠️ Already exists: Gaspatxo estil andalús
[2025-05-22 16:43:40] ⚠️ Already exists: Gaspatxo de maduixa
[2025-05-22 16:43:40] ⚠️ Already exists: Hummus
[2025-05-22 16:43:40] ⚠️ Already exists: Cap de llom filetejat a la planxa
[2025-05-22 16:43:41] ⚠️ Already exists: Conill d'espatlla d'anoll
[2025-05-22 16:43:41] ⚠️ Already exists: Jarret d'anoll
[2025-05-22 16:43:41] ⚠️ Already exists: Mixt de bull negre i donegal
[2025-05-22 16:43:42] ⚠️ Already exists: Càpsules Nescafé Dolce Gusto espresso intens
[2025-05-22 16:43:42] ⚠️ Already exists: Salmó adults
[2025-05-22 16:43:43] ⚠️ Already exists: Salmó adults
[2025-05-22 16:43:43] ⚠️ Already exists: Original adults
[2025-05-22 16:43:43] ⚠️ Already exists: Original adults
[2025-05-22 16:43:44] ⚠️ Already exists: Junior 2-12 mesos
[2025-05-22 16:43:45] ⚠️ Already exists: Junior 2-12 mesos
[2025-05-22 16:43:45] ⚠️ Already exists: Pit de pollastre groc sencer
[2025-05-22 16:43:46] ⚠️ Already exists: Pernilets de pollastre groc
[2025-05-22 16:43:46] ⚠️ Already exists: Pit de pollastre blanc sencer
[2025-05-22 16:43:46] ⚠️ Already exists: Pernilets de pollastre blanc
[2025-05-22 16:43:47] ⚠️ Already exists: Pit de pollastre groc filetejat
[2025-05-22 16:43:47] ⚠️ Already exists: Pit de pollastre sencer 65% cereals
[2025-05-22 16:43:48] 🌐 Visiting: https://www.bonarea-online.com/online/carns-i-ous/conill
[2025-05-22 16:43:54] 🔎 Found 24 product(s) in category 'conill'
[2025-05-22 16:43:55] ⚠️ Already exists: Gaspatxo
[2025-05-22 16:43:56] ⚠️ Already exists: Salmorejo
[2025-05-22 16:43:56] ⚠️ Already exists: Gaspatxo bric
[2025-05-22 16:43:57] ⚠️ Already exists: Salmorejo bric
[2025-05-22 16:43:57] ⚠️ Already exists: Gaspatxo estil andalús
[2025-05-22 16:43:57] ⚠️ Already exists: Gaspatxo de maduixa
[2025-05-22 16:43:58] ⚠️ Already exists: Hummus
[2025-05-22 16:43:58] ⚠️ Already exists: Cap de llom filetejat a la planxa
[2025-05-22 16:43:59] ⚠️ Already exists: Conill d'espatlla d'anoll
[2025-05-22 16:43:59] ⚠️ Already exists: Jarret d'anoll
[2025-05-22 16:44:00] ⚠️ Already exists: Mixt de bull negre i donegal
[2025-05-22 16:44:00] ⚠️ Already exists: Càpsules Nescafé Dolce Gusto espresso intens
[2025-05-22 16:44:01] ⚠️ Already exists: Salmó adults
[2025-05-22 16:44:01] ⚠️ Already exists: Salmó adults
[2025-05-22 16:44:02] ⚠️ Already exists: Original adults
[2025-05-22 16:44:02] ⚠️ Already exists: Original adults
[2025-05-22 16:44:02] ⚠️ Already exists: Junior 2-12 mesos
[2025-05-22 16:44:03] ⚠️ Already exists: Junior 2-12 mesos
[2025-05-22 16:44:03] ⚠️ Already exists: Pit de pollastre groc sencer
[2025-05-22 16:44:04] ⚠️ Already exists: Pernilets de pollastre groc
[2025-05-22 16:44:04] ⚠️ Already exists: Pit de pollastre blanc sencer
[2025-05-22 16:44:04] ⚠️ Already exists: Pernilets de pollastre blanc
[2025-05-22 16:44:05] ⚠️ Already exists: Pit de pollastre groc filetejat
[2025-05-22 16:44:05] ⚠️ Already exists: Pit de pollastre sencer 65% cereals
[2025-05-22 16:44:06] 🌐 Visiting: https://www.bonarea-online.com/online/carns-i-ous/porc
[2025-05-22 16:44:14] 🔎 Found 24 product(s) in category 'porc'
[2025-05-22 16:44:15] ⚠️ Already exists: Gaspatxo
[2025-05-22 16:44:15] ⚠️ Already exists: Salmorejo
[2025-05-22 16:44:16] ⚠️ Already exists: Gaspatxo bric
[2025-05-22 16:44:18] ⚠️ Already exists: Salmorejo bric
[2025-05-22 16:44:19] ⚠️ Already exists: Gaspatxo estil andalús
[2025-05-22 16:44:19] ⚠️ Already exists: Gaspatxo de maduixa
[2025-05-22 16:44:20] ⚠️ Already exists: Hummus
[2025-05-22 16:44:20] ⚠️ Already exists: Cap de llom filetejat a la planxa
[2025-05-22 16:44:21] ⚠️ Already exists: Conill d'espatlla d'anoll
[2025-05-22 16:44:22] ⚠️ Already exists: Jarret d'anoll
[2025-05-22 16:44:22] ⚠️ Already exists: Mixt de bull negre i donegal
[2025-05-22 16:44:23] ⚠️ Already exists: Càpsules Nescafé Dolce Gusto espresso intens
[2025-05-22 16:44:23] ⚠️ Already exists: Salmó adults
[2025-05-22 16:44:24] ⚠️ Already exists: Salmó adults
[2025-05-22 16:44:24] ⚠️ Already exists: Original adults
[2025-05-22 16:44:25] ⚠️ Already exists: Original adults
[2025-05-22 16:44:26] ⚠️ Already exists: Junior 2-12 mesos
[2025-05-22 16:44:26] ⚠️ Already exists: Junior 2-12 mesos
[2025-05-22 16:44:27] ⚠️ Already exists: Pit de pollastre groc sencer
[2025-05-22 16:44:27] ⚠️ Already exists: Pernilets de pollastre groc
[2025-05-22 16:44:28] ⚠️ Already exists: Pit de pollastre blanc sencer
[2025-05-22 16:44:28] ⚠️ Already exists: Pernilets de pollastre blanc
[2025-05-22 16:44:28] ⚠️ Already exists: Pit de pollastre groc filetejat
[2025-05-22 16:44:28] ⚠️ Already exists: Pit de pollastre sencer 65% cereals
[2025-05-22 16:44:29] 🌐 Visiting: https://www.bonarea-online.com/online/carns-i-ous/vedella
[2025-05-22 16:44:43] 🔎 Found 24 product(s) in category 'vedella'
[2025-05-22 16:44:44] ⚠️ Already exists: Gaspatxo
[2025-05-22 16:44:44] ⚠️ Already exists: Salmorejo
[2025-05-22 16:44:45] ⚠️ Already exists: Gaspatxo bric
[2025-05-22 16:44:45] ⚠️ Already exists: Salmorejo bric
[2025-05-22 16:44:46] ⚠️ Already exists: Gaspatxo estil andalús
[2025-05-22 16:44:47] ⚠️ Already exists: Gaspatxo de maduixa
[2025-05-22 16:44:48] ⚠️ Already exists: Hummus
[2025-05-22 16:44:48] ⚠️ Already exists: Cap de llom filetejat a la planxa
[2025-05-22 16:44:49] ⚠️ Already exists: Conill d'espatlla d'anoll
[2025-05-22 16:44:49] ⚠️ Already exists: Jarret d'anoll
[2025-05-22 16:44:50] ⚠️ Already exists: Mixt de bull negre i donegal
[2025-05-22 16:44:50] ⚠️ Already exists: Càpsules Nescafé Dolce Gusto espresso intens
[2025-05-22 16:44:51] ⚠️ Already exists: Salmó adults
[2025-05-22 16:44:52] ⚠️ Already exists: Salmó adults
[2025-05-22 16:44:52] ⚠️ Already exists: Original adults
[2025-05-22 16:44:53] ⚠️ Already exists: Original adults
[2025-05-22 16:44:53] ⚠️ Already exists: Junior 2-12 mesos
[2025-05-22 16:44:54] ⚠️ Already exists: Junior 2-12 mesos
[2025-05-22 16:44:54] ⚠️ Already exists: Pit de pollastre groc sencer
[2025-05-22 16:44:55] ⚠️ Already exists: Pernilets de pollastre groc
[2025-05-22 16:44:55] ⚠️ Already exists: Pit de pollastre blanc sencer
[2025-05-22 16:44:56] ⚠️ Already exists: Pernilets de pollastre blanc
[2025-05-22 16:44:56] ⚠️ Already exists: Pit de pollastre groc filetejat
[2025-05-22 16:44:56] ⚠️ Already exists: Pit de pollastre sencer 65% cereals
[2025-05-22 16:44:57] 🌐 Visiting: https://www.bonarea-online.com/online/lactics-i-derivats
[2025-05-22 16:45:13] 🔎 Found 24 product(s) in category 'lactis'
[2025-05-22 16:45:13] ⚠️ Already exists: Gaspatxo
[2025-05-22 16:45:14] ⚠️ Already exists: Salmorejo
[2025-05-22 16:45:14] ⚠️ Already exists: Gaspatxo bric
[2025-05-22 16:45:15] ⚠️ Already exists: Salmorejo bric
[2025-05-22 16:45:15] ⚠️ Already exists: Gaspatxo estil andalús
[2025-05-22 16:45:16] ⚠️ Already exists: Gaspatxo de maduixa
[2025-05-22 16:45:16] ⚠️ Already exists: Hummus
[2025-05-22 16:45:16] ⚠️ Already exists: Cap de llom filetejat a la planxa
[2025-05-22 16:45:17] ⚠️ Already exists: Conill d'espatlla d'anoll
[2025-05-22 16:45:17] ⚠️ Already exists: Jarret d'anoll
[2025-05-22 16:45:17] ⚠️ Already exists: Mixt de bull negre i donegal
[2025-05-22 16:45:18] ⚠️ Already exists: Càpsules Nescafé Dolce Gusto espresso intens
[2025-05-22 16:45:18] ⚠️ Already exists: Salmó adults
[2025-05-22 16:45:19] ⚠️ Already exists: Salmó adults
[2025-05-22 16:45:19] ⚠️ Already exists: Original adults
[2025-05-22 16:45:19] ⚠️ Already exists: Original adults
[2025-05-22 16:45:20] ⚠️ Already exists: Junior 2-12 mesos
[2025-05-22 16:45:20] ⚠️ Already exists: Junior 2-12 mesos
[2025-05-22 16:45:20] ⚠️ Already exists: Pit de pollastre groc sencer
[2025-05-22 16:45:21] ⚠️ Already exists: Pernilets de pollastre groc
[2025-05-22 16:45:21] ⚠️ Already exists: Pit de pollastre blanc sencer
[2025-05-22 16:45:21] ⚠️ Already exists: Pernilets de pollastre blanc
[2025-05-22 16:45:22] ⚠️ Already exists: Pit de pollastre groc filetejat
[2025-05-22 16:45:22] ⚠️ Already exists: Pit de pollastre sencer 65% cereals
[2025-05-22 16:45:23] 🌐 Visiting: https://www.bonarea-online.com/online/embotits-i-xarcuteria
[2025-05-22 16:45:31] 🔎 Found 24 product(s) in category 'embotits'
[2025-05-22 16:45:32] ⚠️ Already exists: Gaspatxo
[2025-05-22 16:45:32] ⚠️ Already exists: Salmorejo
[2025-05-22 16:45:32] ⚠️ Already exists: Gaspatxo bric
[2025-05-22 16:45:33] ⚠️ Already exists: Salmorejo bric
[2025-05-22 16:45:33] ⚠️ Already exists: Gaspatxo estil andalús
[2025-05-22 16:45:34] ⚠️ Already exists: Gaspatxo de maduixa
[2025-05-22 16:45:34] ⚠️ Already exists: Hummus
[2025-05-22 16:45:34] ⚠️ Already exists: Cap de llom filetejat a la planxa
[2025-05-22 16:45:34] ⚠️ Already exists: Conill d'espatlla d'anoll
[2025-05-22 16:45:35] ⚠️ Already exists: Jarret d'anoll
[2025-05-22 16:45:35] ⚠️ Already exists: Mixt de bull negre i donegal
[2025-05-22 16:45:36] ⚠️ Already exists: Càpsules Nescafé Dolce Gusto espresso intens
[2025-05-22 16:45:36] ⚠️ Already exists: Salmó adults
[2025-05-22 16:45:36] ⚠️ Already exists: Salmó adults
[2025-05-22 16:45:37] ⚠️ Already exists: Original adults
[2025-05-22 16:45:37] ⚠️ Already exists: Original adults
[2025-05-22 16:45:38] ⚠️ Already exists: Junior 2-12 mesos
[2025-05-22 16:45:38] ⚠️ Already exists: Junior 2-12 mesos
[2025-05-22 16:45:39] ⚠️ Already exists: Pit de pollastre groc sencer
[2025-05-22 16:45:39] ⚠️ Already exists: Pernilets de pollastre groc
[2025-05-22 16:45:39] ⚠️ Already exists: Pit de pollastre blanc sencer
[2025-05-22 16:45:40] ⚠️ Already exists: Pernilets de pollastre blanc
[2025-05-22 16:45:40] ⚠️ Already exists: Pit de pollastre groc filetejat
[2025-05-22 16:45:41] ⚠️ Already exists: Pit de pollastre sencer 65% cereals
[2025-05-22 16:45:41] 🌐 Visiting: https://www.bonarea-online.com/online/begudes/begudes
[2025-05-22 16:45:50] 🔎 Found 24 product(s) in category 'begudes'
[2025-05-22 16:45:51] ⚠️ Already exists: Gaspatxo
[2025-05-22 16:45:52] ⚠️ Already exists: Salmorejo
[2025-05-22 16:45:52] ⚠️ Already exists: Gaspatxo bric
[2025-05-22 16:45:52] ⚠️ Already exists: Salmorejo bric
[2025-05-22 16:45:53] ⚠️ Already exists: Gaspatxo estil andalús
[2025-05-22 16:45:53] ⚠️ Already exists: Gaspatxo de maduixa
[2025-05-22 16:45:53] ⚠️ Already exists: Hummus
[2025-05-22 16:45:54] ⚠️ Already exists: Cap de llom filetejat a la planxa
[2025-05-22 16:45:54] ⚠️ Already exists: Conill d'espatlla d'anoll
[2025-05-22 16:45:54] ⚠️ Already exists: Jarret d'anoll
[2025-05-22 16:45:55] ⚠️ Already exists: Mixt de bull negre i donegal
[2025-05-22 16:45:55] ⚠️ Already exists: Càpsules Nescafé Dolce Gusto espresso intens
[2025-05-22 16:45:56] ⚠️ Already exists: Salmó adults
[2025-05-22 16:45:56] ⚠️ Already exists: Salmó adults
[2025-05-22 16:45:56] ⚠️ Already exists: Original adults
[2025-05-22 16:45:57] ⚠️ Already exists: Original adults
[2025-05-22 16:45:57] ⚠️ Already exists: Junior 2-12 mesos
[2025-05-22 16:45:57] ⚠️ Already exists: Junior 2-12 mesos
[2025-05-22 16:45:58] ⚠️ Already exists: Pit de pollastre groc sencer
[2025-05-22 16:45:58] ⚠️ Already exists: Pernilets de pollastre groc
[2025-05-22 16:45:58] ⚠️ Already exists: Pit de pollastre blanc sencer
[2025-05-22 16:45:59] ⚠️ Already exists: Pernilets de pollastre blanc
[2025-05-22 16:45:59] ⚠️ Already exists: Pit de pollastre groc filetejat
[2025-05-22 16:45:59] ⚠️ Already exists: Pit de pollastre sencer 65% cereals
[2025-05-22 16:46:00] 🌐 Visiting: https://www.bonarea-online.com/online/plats-preparats
[2025-05-22 16:46:06] 🔎 Found 24 product(s) in category 'plats'
[2025-05-22 16:46:10] ⚠️ Already exists: Gaspatxo
[2025-05-22 16:46:11] ⚠️ Already exists: Salmorejo
[2025-05-22 16:46:11] ⚠️ Already exists: Gaspatxo bric
[2025-05-22 16:46:11] ⚠️ Already exists: Salmorejo bric
[2025-05-22 16:46:12] ⚠️ Already exists: Gaspatxo estil andalús
[2025-05-22 16:46:12] ⚠️ Already exists: Gaspatxo de maduixa
[2025-05-22 16:46:12] ⚠️ Already exists: Hummus
[2025-05-22 16:46:13] ⚠️ Already exists: Cap de llom filetejat a la planxa
[2025-05-22 16:46:13] ⚠️ Already exists: Conill d'espatlla d'anoll
[2025-05-22 16:46:14] ⚠️ Already exists: Jarret d'anoll
[2025-05-22 16:46:14] ⚠️ Already exists: Mixt de bull negre i donegal
[2025-05-22 16:46:14] ⚠️ Already exists: Càpsules Nescafé Dolce Gusto espresso intens
[2025-05-22 16:46:15] ⚠️ Already exists: Salmó adults
[2025-05-22 16:46:15] ⚠️ Already exists: Salmó adults
[2025-05-22 16:46:15] ⚠️ Already exists: Original adults
[2025-05-22 16:46:16] ⚠️ Already exists: Original adults
[2025-05-22 16:46:16] ⚠️ Already exists: Junior 2-12 mesos
[2025-05-22 16:46:17] ⚠️ Already exists: Junior 2-12 mesos
[2025-05-22 16:46:17] ⚠️ Already exists: Pit de pollastre groc sencer
[2025-05-22 16:46:18] ⚠️ Already exists: Pernilets de pollastre groc
[2025-05-22 16:46:18] ⚠️ Already exists: Pit de pollastre blanc sencer
[2025-05-22 16:46:18] ⚠️ Already exists: Pernilets de pollastre blanc
[2025-05-22 16:46:19] ⚠️ Already exists: Pit de pollastre groc filetejat
[2025-05-22 16:46:19] ⚠️ Already exists: Pit de pollastre sencer 65% cereals
[2025-05-22 16:46:20] 🌐 Visiting: https://www.bonarea-online.com/online/congelats
[2025-05-22 16:46:28] 🔎 Found 24 product(s) in category 'congelats'
[2025-05-22 16:46:28] ⚠️ Already exists: Gaspatxo
[2025-05-22 16:46:29] ⚠️ Already exists: Salmorejo
[2025-05-22 16:46:29] ⚠️ Already exists: Gaspatxo bric
[2025-05-22 16:46:29] ⚠️ Already exists: Salmorejo bric
[2025-05-22 16:46:30] ⚠️ Already exists: Gaspatxo estil andalús
[2025-05-22 16:46:31] ⚠️ Already exists: Gaspatxo de maduixa
[2025-05-22 16:46:31] ⚠️ Already exists: Hummus
[2025-05-22 16:46:31] ⚠️ Already exists: Cap de llom filetejat a la planxa
[2025-05-22 16:46:32] ⚠️ Already exists: Conill d'espatlla d'anoll
[2025-05-22 16:46:32] ⚠️ Already exists: Jarret d'anoll
[2025-05-22 16:46:33] ⚠️ Already exists: Mixt de bull negre i donegal
[2025-05-22 16:46:33] ⚠️ Already exists: Càpsules Nescafé Dolce Gusto espresso intens
[2025-05-22 16:46:33] ⚠️ Already exists: Salmó adults
[2025-05-22 16:46:34] ⚠️ Already exists: Salmó adults
[2025-05-22 16:46:34] ⚠️ Already exists: Original adults
[2025-05-22 16:46:34] ⚠️ Already exists: Original adults
[2025-05-22 16:46:35] ⚠️ Already exists: Junior 2-12 mesos
[2025-05-22 16:46:35] ⚠️ Already exists: Junior 2-12 mesos
[2025-05-22 16:46:36] ⚠️ Already exists: Pit de pollastre groc sencer
[2025-05-22 16:46:36] ⚠️ Already exists: Pernilets de pollastre groc
[2025-05-22 16:46:36] ⚠️ Already exists: Pit de pollastre blanc sencer
[2025-05-22 16:46:37] ⚠️ Already exists: Pernilets de pollastre blanc
[2025-05-22 16:46:37] ⚠️ Already exists: Pit de pollastre groc filetejat
[2025-05-22 16:46:37] ⚠️ Already exists: Pit de pollastre sencer 65% cereals
[2025-05-22 16:46:38] 🌐 Visiting: https://www.bonarea-online.com/online/postres-i-dolcos
[2025-05-22 16:46:46] 🔎 Found 24 product(s) in category 'postres'
[2025-05-22 16:46:47] ⚠️ Already exists: Gaspatxo
[2025-05-22 16:46:47] ⚠️ Already exists: Salmorejo
[2025-05-22 16:46:47] ⚠️ Already exists: Gaspatxo bric
[2025-05-22 16:46:48] ⚠️ Already exists: Salmorejo bric
[2025-05-22 16:46:48] ⚠️ Already exists: Gaspatxo estil andalús
[2025-05-22 16:46:48] ⚠️ Already exists: Gaspatxo de maduixa
[2025-05-22 16:46:49] ⚠️ Already exists: Hummus
[2025-05-22 16:46:49] ⚠️ Already exists: Cap de llom filetejat a la planxa
[2025-05-22 16:46:49] ⚠️ Already exists: Conill d'espatlla d'anoll
[2025-05-22 16:46:50] ⚠️ Already exists: Jarret d'anoll
[2025-05-22 16:46:50] ⚠️ Already exists: Mixt de bull negre i donegal
[2025-05-22 16:46:50] ⚠️ Already exists: Càpsules Nescafé Dolce Gusto espresso intens
[2025-05-22 16:46:51] ⚠️ Already exists: Salmó adults
[2025-05-22 16:46:51] ⚠️ Already exists: Salmó adults
[2025-05-22 16:46:52] ⚠️ Already exists: Original adults
[2025-05-22 16:46:52] ⚠️ Already exists: Original adults
[2025-05-22 16:46:52] ⚠️ Already exists: Junior 2-12 mesos
[2025-05-22 16:46:53] ⚠️ Already exists: Junior 2-12 mesos
[2025-05-22 16:46:53] ⚠️ Already exists: Pit de pollastre groc sencer
[2025-05-22 16:46:53] ⚠️ Already exists: Pernilets de pollastre groc
[2025-05-22 16:46:54] ⚠️ Already exists: Pit de pollastre blanc sencer
[2025-05-22 16:46:54] ⚠️ Already exists: Pernilets de pollastre blanc
[2025-05-22 16:46:54] ⚠️ Already exists: Pit de pollastre groc filetejat
[2025-05-22 16:46:55] ⚠️ Already exists: Pit de pollastre sencer 65% cereals
[2025-05-22 16:46:56] 🌐 Visiting: https://www.bonarea-online.com/online/pa-i-brioxeria
[2025-05-22 16:47:05] 🔎 Found 24 product(s) in category 'pa'
[2025-05-22 16:47:06] ⚠️ Already exists: Gaspatxo
[2025-05-22 16:47:07] ⚠️ Already exists: Salmorejo
[2025-05-22 16:47:07] ⚠️ Already exists: Gaspatxo bric
[2025-05-22 16:47:07] ⚠️ Already exists: Salmorejo bric
[2025-05-22 16:47:08] ⚠️ Already exists: Gaspatxo estil andalús
[2025-05-22 16:47:08] ⚠️ Already exists: Gaspatxo de maduixa
[2025-05-22 16:47:09] ⚠️ Already exists: Hummus
[2025-05-22 16:47:10] ⚠️ Already exists: Cap de llom filetejat a la planxa
[2025-05-22 16:47:10] ⚠️ Already exists: Conill d'espatlla d'anoll
[2025-05-22 16:47:11] ⚠️ Already exists: Jarret d'anoll
[2025-05-22 16:47:11] ⚠️ Already exists: Mixt de bull negre i donegal
[2025-05-22 16:47:12] ⚠️ Already exists: Càpsules Nescafé Dolce Gusto espresso intens
[2025-05-22 16:47:12] ⚠️ Already exists: Salmó adults
[2025-05-22 16:47:13] ⚠️ Already exists: Salmó adults
[2025-05-22 16:47:13] ⚠️ Already exists: Original adults
[2025-05-22 16:47:13] ⚠️ Already exists: Original adults
[2025-05-22 16:47:14] ⚠️ Already exists: Junior 2-12 mesos
[2025-05-22 16:47:14] ⚠️ Already exists: Junior 2-12 mesos
[2025-05-22 16:47:15] ⚠️ Already exists: Pit de pollastre groc sencer
[2025-05-22 16:47:15] ⚠️ Already exists: Pernilets de pollastre groc
[2025-05-22 16:47:16] ⚠️ Already exists: Pit de pollastre blanc sencer
[2025-05-22 16:47:16] ⚠️ Already exists: Pernilets de pollastre blanc
[2025-05-22 16:47:16] ⚠️ Already exists: Pit de pollastre groc filetejat
[2025-05-22 16:47:17] ⚠️ Already exists: Pit de pollastre sencer 65% cereals
[2025-05-22 16:52:18] 🌐 Visiting: https://www.bonarea-online.com/online/carns-i-ous
[2025-05-22 16:52:26] 🔎 Found 24 product(s) in category 'carn'
[2025-05-22 16:52:27] Attempting to insert product: {'name': 'Gaspatxo', 'price': 2.85, 'category': 'carn', 'store_id': 'bonarea', 'quantity': '1 l'}
[2025-05-22 16:52:27] Supabase Response: data=[{'name': 'Gaspatxo', 'price': 2.85, 'category': 'carn', 'store_id': 'bonarea', 'quantity': '1 l', 'id': 'f0c48aa5-f1e4-44a3-8d61-50109d43fd4a', 'created_at': '2025-05-22T13:52:28.761855'}] count=None
[2025-05-22 16:52:27] ✅ Successfully inserted: Gaspatxo
[2025-05-22 16:52:27] ✅ Gaspatxo — 2.85 (1 l)
[2025-05-22 16:52:28] Attempting to insert product: {'name': 'Salmorejo', 'price': 3.15, 'category': 'carn', 'store_id': 'bonarea', 'quantity': '1 l'}
[2025-05-22 16:52:29] Supabase Response: data=[{'name': 'Salmorejo', 'price': 3.15, 'category': 'carn', 'store_id': 'bonarea', 'quantity': '1 l', 'id': '087518cc-1944-4ba4-86ab-41ebcfaf3649', 'created_at': '2025-05-22T13:52:30.289027'}] count=None
[2025-05-22 16:52:29] ✅ Successfully inserted: Salmorejo
[2025-05-22 16:52:29] ✅ Salmorejo — 3.15 (1 l)
[2025-05-22 16:52:29] Attempting to insert product: {'name': 'Gaspatxo bric', 'price': 1.95, 'category': 'carn', 'store_id': 'bonarea', 'quantity': '1 l'}
[2025-05-22 16:52:30] Supabase Response: data=[{'name': 'Gaspatxo bric', 'price': 1.95, 'category': 'carn', 'store_id': 'bonarea', 'quantity': '1 l', 'id': '53569ff0-5d62-467c-b7bc-17af57083669', 'created_at': '2025-05-22T13:52:31.701476'}] count=None
[2025-05-22 16:52:30] ✅ Successfully inserted: Gaspatxo bric
[2025-05-22 16:52:30] ✅ Gaspatxo bric — 1.95 (1 l)
[2025-05-22 16:52:30] Attempting to insert product: {'name': 'Salmorejo bric', 'price': 2.3, 'category': 'carn', 'store_id': 'bonarea', 'quantity': '1 l'}
[2025-05-22 16:52:31] Supabase Response: data=[{'name': 'Salmorejo bric', 'price': 2.3, 'category': 'carn', 'store_id': 'bonarea', 'quantity': '1 l', 'id': 'fc5941a4-df54-40c5-b492-2e5678ff4621', 'created_at': '2025-05-22T13:52:32.637095'}] count=None
[2025-05-22 16:52:31] ✅ Successfully inserted: Salmorejo bric
[2025-05-22 16:52:31] ✅ Salmorejo bric — 2.3 (1 l)
[2025-05-22 16:52:32] Attempting to insert product: {'name': 'Gaspatxo estil andalús', 'price': 1.1, 'category': 'carn', 'store_id': 'bonarea', 'quantity': '300 g'}
[2025-05-22 16:52:32] Supabase Response: data=[{'name': 'Gaspatxo estil andalús', 'price': 1.1, 'category': 'carn', 'store_id': 'bonarea', 'quantity': '300 g', 'id': 'ebca1777-60cc-457a-a207-6952213583bd', 'created_at': '2025-05-22T13:52:33.768268'}] count=None
[2025-05-22 16:52:32] ✅ Successfully inserted: Gaspatxo estil andalús
[2025-05-22 16:52:32] ✅ Gaspatxo estil andalús — 1.1 (300 g)
[2025-05-22 16:52:32] Attempting to insert product: {'name': 'Gaspatxo de maduixa', 'price': 1.25, 'category': 'carn', 'store_id': 'bonarea', 'quantity': '300 g'}
[2025-05-22 16:52:33] Supabase Response: data=[{'name': 'Gaspatxo de maduixa', 'price': 1.25, 'category': 'carn', 'store_id': 'bonarea', 'quantity': '300 g', 'id': '71c27642-8dad-4481-817f-989f3ced0f58', 'created_at': '2025-05-22T13:52:34.371563'}] count=None
[2025-05-22 16:52:33] ✅ Successfully inserted: Gaspatxo de maduixa
[2025-05-22 16:52:33] ✅ Gaspatxo de maduixa — 1.25 (300 g)
[2025-05-22 16:52:33] Attempting to insert product: {'name': 'Hummus', 'price': 0.94, 'category': 'carn', 'store_id': 'bonarea', 'quantity': '200 g'}
[2025-05-22 16:52:33] Supabase Response: data=[{'name': 'Hummus', 'price': 0.94, 'category': 'carn', 'store_id': 'bonarea', 'quantity': '200 g', 'id': 'dd6a0e40-aaad-4486-a866-ea60ae47b2e5', 'created_at': '2025-05-22T13:52:35.00677'}] count=None
[2025-05-22 16:52:33] ✅ Successfully inserted: Hummus
[2025-05-22 16:52:33] ✅ Hummus — 0.94 (200 g)
[2025-05-22 16:52:34] Attempting to insert product: {'name': 'Cap de llom filetejat a la planxa', 'price': 2.4, 'category': 'carn', 'store_id': 'bonarea', 'quantity': 'aprox. 198 g'}
[2025-05-22 16:52:34] Supabase Response: data=[{'name': 'Cap de llom filetejat a la planxa', 'price': 2.4, 'category': 'carn', 'store_id': 'bonarea', 'quantity': 'aprox. 198 g', 'id': '2fcbb2e4-118f-453f-b999-a15e340bce3e', 'created_at': '2025-05-22T13:52:35.934817'}] count=None
[2025-05-22 16:52:34] ✅ Successfully inserted: Cap de llom filetejat a la planxa
[2025-05-22 16:52:34] ✅ Cap de llom filetejat a la planxa — 2.4 (aprox. 198 g)
[2025-05-22 16:52:35] Attempting to insert product: {'name': "Conill d'espatlla d'anoll", 'price': 17.27, 'category': 'carn', 'store_id': 'bonarea', 'quantity': 'aprox. 1,6 kg'}
[2025-05-22 16:52:35] Supabase Response: data=[{'name': "Conill d'espatlla d'anoll", 'price': 17.27, 'category': 'carn', 'store_id': 'bonarea', 'quantity': 'aprox. 1,6 kg', 'id': '4ca3313a-8aa8-4807-9e47-ac89eed34f8e', 'created_at': '2025-05-22T13:52:36.524132'}] count=None
[2025-05-22 16:52:35] ✅ Successfully inserted: Conill d'espatlla d'anoll
[2025-05-22 16:52:35] ✅ Conill d'espatlla d'anoll — 17.27 (aprox. 1,6 kg)
[2025-05-22 16:52:35] Attempting to insert product: {'name': "Jarret d'anoll", 'price': 22.65, 'category': 'carn', 'store_id': 'bonarea', 'quantity': 'aprox. 2,0 kg'}
[2025-05-22 16:52:35] Supabase Response: data=[{'name': "Jarret d'anoll", 'price': 22.65, 'category': 'carn', 'store_id': 'bonarea', 'quantity': 'aprox. 2,0 kg', 'id': '14d98779-03e4-43b5-9228-30c79422ba8a', 'created_at': '2025-05-22T13:52:37.032603'}] count=None
[2025-05-22 16:52:35] ✅ Successfully inserted: Jarret d'anoll
[2025-05-22 16:52:35] ✅ Jarret d'anoll — 22.65 (aprox. 2,0 kg)
[2025-05-22 16:52:36] Attempting to insert product: {'name': 'Mixt de bull negre i donegal', 'price': 1.1, 'category': 'carn', 'store_id': 'bonarea', 'quantity': 'aprox. 143 g'}
[2025-05-22 16:52:36] Supabase Response: data=[{'name': 'Mixt de bull negre i donegal', 'price': 1.1, 'category': 'carn', 'store_id': 'bonarea', 'quantity': 'aprox. 143 g', 'id': '75acc7aa-fc4e-4214-a757-10bda77fce2d', 'created_at': '2025-05-22T13:52:37.648208'}] count=None
[2025-05-22 16:52:36] ✅ Successfully inserted: Mixt de bull negre i donegal
[2025-05-22 16:52:36] ✅ Mixt de bull negre i donegal — 1.1 (aprox. 143 g)
[2025-05-22 16:52:37] Attempting to insert product: {'name': 'Càpsules Nescafé Dolce Gusto espresso intens', 'price': 4.25, 'category': 'carn', 'store_id': 'bonarea', 'quantity': '16 u.'}
[2025-05-22 16:52:37] Supabase Response: data=[{'name': 'Càpsules Nescafé Dolce Gusto espresso intens', 'price': 4.25, 'category': 'carn', 'store_id': 'bonarea', 'quantity': '16 u.', 'id': '5cd6b14b-bf64-426e-a551-22951f6f14c4', 'created_at': '2025-05-22T13:52:38.925225'}] count=None
[2025-05-22 16:52:37] ✅ Successfully inserted: Càpsules Nescafé Dolce Gusto espresso intens
[2025-05-22 16:52:37] ✅ Càpsules Nescafé Dolce Gusto espresso intens — 4.25 (16 u.)
[2025-05-22 16:52:38] Attempting to insert product: {'name': 'Salmó adults', 'price': 13.8, 'category': 'carn', 'store_id': 'bonarea', 'quantity': '10 kg'}
[2025-05-22 16:52:39] Supabase Response: data=[{'name': 'Salmó adults', 'price': 13.8, 'category': 'carn', 'store_id': 'bonarea', 'quantity': '10 kg', 'id': 'b6de51b0-b4b4-4ee4-ae86-e3e844ae9c81', 'created_at': '2025-05-22T13:52:40.891126'}] count=None
[2025-05-22 16:52:39] ✅ Successfully inserted: Salmó adults
[2025-05-22 16:52:39] ✅ Salmó adults — 13.8 (10 kg)
[2025-05-22 16:52:40] ⚠️ Already exists: Salmó adults
[2025-05-22 16:52:40] Attempting to insert product: {'name': 'Original adults', 'price': 13.6, 'category': 'carn', 'store_id': 'bonarea', 'quantity': '10 kg'}
[2025-05-22 16:52:40] Supabase Response: data=[{'name': 'Original adults', 'price': 13.6, 'category': 'carn', 'store_id': 'bonarea', 'quantity': '10 kg', 'id': 'b7e95f5f-15f1-4ecc-879e-52a8cf3fd4a6', 'created_at': '2025-05-22T13:52:42.072625'}] count=None
[2025-05-22 16:52:40] ✅ Successfully inserted: Original adults
[2025-05-22 16:52:40] ✅ Original adults — 13.6 (10 kg)
[2025-05-22 16:52:41] ⚠️ Already exists: Original adults
[2025-05-22 16:52:41] Attempting to insert product: {'name': 'Junior 2-12 mesos', 'price': 15.9, 'category': 'carn', 'store_id': 'bonarea', 'quantity': '10 kg'}
[2025-05-22 16:52:42] Supabase Response: data=[{'name': 'Junior 2-12 mesos', 'price': 15.9, 'category': 'carn', 'store_id': 'bonarea', 'quantity': '10 kg', 'id': '4e7620b2-3872-4560-bb1c-b881602ace53', 'created_at': '2025-05-22T13:52:43.590719'}] count=None
[2025-05-22 16:52:42] ✅ Successfully inserted: Junior 2-12 mesos
[2025-05-22 16:52:42] ✅ Junior 2-12 mesos — 15.9 (10 kg)
[2025-05-22 16:52:43] ⚠️ Already exists: Junior 2-12 mesos
[2025-05-22 16:52:43] Attempting to insert product: {'name': 'Pit de pollastre groc sencer', 'price': 4.54, 'category': 'carn', 'store_id': 'bonarea', 'quantity': 'aprox. 693 g'}
[2025-05-22 16:52:43] Supabase Response: data=[{'name': 'Pit de pollastre groc sencer', 'price': 4.54, 'category': 'carn', 'store_id': 'bonarea', 'quantity': 'aprox. 693 g', 'id': '71713612-bff6-4909-831a-e75f3a4d0664', 'created_at': '2025-05-22T13:52:45.04228'}] count=None
[2025-05-22 16:52:43] ✅ Successfully inserted: Pit de pollastre groc sencer
[2025-05-22 16:52:43] ✅ Pit de pollastre groc sencer — 4.54 (aprox. 693 g)
[2025-05-22 16:52:44] Attempting to insert product: {'name': 'Pernilets de pollastre groc', 'price': 3.64, 'category': 'carn', 'store_id': 'bonarea', 'quantity': 'aprox. 1,0 kg'}
[2025-05-22 16:52:44] Supabase Response: data=[{'name': 'Pernilets de pollastre groc', 'price': 3.64, 'category': 'carn', 'store_id': 'bonarea', 'quantity': 'aprox. 1,0 kg', 'id': '744e93d7-9776-4c84-bacb-618fd8b33944', 'created_at': '2025-05-22T13:52:45.629634'}] count=None
[2025-05-22 16:52:44] ✅ Successfully inserted: Pernilets de pollastre groc
[2025-05-22 16:52:44] ✅ Pernilets de pollastre groc — 3.64 (aprox. 1,0 kg)
[2025-05-22 16:52:44] Attempting to insert product: {'name': 'Pit de pollastre blanc sencer', 'price': 4.68, 'category': 'carn', 'store_id': 'bonarea', 'quantity': 'aprox. 715 g'}
[2025-05-22 16:52:45] Supabase Response: data=[{'name': 'Pit de pollastre blanc sencer', 'price': 4.68, 'category': 'carn', 'store_id': 'bonarea', 'quantity': 'aprox. 715 g', 'id': '6fc82fe2-c55f-4496-a57b-1bf9dc96ef12', 'created_at': '2025-05-22T13:52:46.251096'}] count=None
[2025-05-22 16:52:45] ✅ Successfully inserted: Pit de pollastre blanc sencer
[2025-05-22 16:52:45] ✅ Pit de pollastre blanc sencer — 4.68 (aprox. 715 g)
[2025-05-22 16:52:45] Attempting to insert product: {'name': 'Pernilets de pollastre blanc', 'price': 3.8, 'category': 'carn', 'store_id': 'bonarea', 'quantity': 'aprox. 1,1 kg'}
[2025-05-22 16:52:45] Supabase Response: data=[{'name': 'Pernilets de pollastre blanc', 'price': 3.8, 'category': 'carn', 'store_id': 'bonarea', 'quantity': 'aprox. 1,1 kg', 'id': '1dbe9c4b-f1ef-4255-ab9d-02716b4aa6be', 'created_at': '2025-05-22T13:52:46.881622'}] count=None
[2025-05-22 16:52:45] ✅ Successfully inserted: Pernilets de pollastre blanc
[2025-05-22 16:52:45] ✅ Pernilets de pollastre blanc — 3.8 (aprox. 1,1 kg)
[2025-05-22 16:52:46] Attempting to insert product: {'name': 'Pit de pollastre groc filetejat', 'price': 4.69, 'category': 'carn', 'store_id': 'bonarea', 'quantity': 'aprox. 660 g'}
[2025-05-22 16:52:46] Supabase Response: data=[{'name': 'Pit de pollastre groc filetejat', 'price': 4.69, 'category': 'carn', 'store_id': 'bonarea', 'quantity': 'aprox. 660 g', 'id': '96047f43-654f-4f66-a57f-8cd101ddb9d2', 'created_at': '2025-05-22T13:52:47.784243'}] count=None
[2025-05-22 16:52:46] ✅ Successfully inserted: Pit de pollastre groc filetejat
[2025-05-22 16:52:46] ✅ Pit de pollastre groc filetejat — 4.69 (aprox. 660 g)
[2025-05-22 16:52:47] Attempting to insert product: {'name': 'Pit de pollastre sencer 65% cereals', 'price': 4.57, 'category': 'carn', 'store_id': 'bonarea', 'quantity': 'aprox. 605 g'}
[2025-05-22 16:52:47] Supabase Response: data=[{'name': 'Pit de pollastre sencer 65% cereals', 'price': 4.57, 'category': 'carn', 'store_id': 'bonarea', 'quantity': 'aprox. 605 g', 'id': '7506f005-3ee0-49c8-a315-31e93c100f2d', 'created_at': '2025-05-22T13:52:48.722223'}] count=None
[2025-05-22 16:52:47] ✅ Successfully inserted: Pit de pollastre sencer 65% cereals
[2025-05-22 16:52:47] ✅ Pit de pollastre sencer 65% cereals — 4.57 (aprox. 605 g)
[2025-05-22 16:52:48] 🌐 Visiting: https://www.bonarea-online.com/online/carns-i-ous/pollastre
[2025-05-22 16:52:57] 🔎 Found 24 product(s) in category 'pollastre'
[2025-05-22 16:52:58] ⚠️ Already exists: Gaspatxo
[2025-05-22 16:52:59] ⚠️ Already exists: Salmorejo
[2025-05-22 16:52:59] ⚠️ Already exists: Gaspatxo bric
[2025-05-22 16:52:59] ⚠️ Already exists: Salmorejo bric
[2025-05-22 16:53:00] ⚠️ Already exists: Gaspatxo estil andalús
[2025-05-22 16:53:00] ⚠️ Already exists: Gaspatxo de maduixa
[2025-05-22 16:53:01] ⚠️ Already exists: Hummus
[2025-05-22 16:53:01] ⚠️ Already exists: Cap de llom filetejat a la planxa
[2025-05-22 16:53:02] ⚠️ Already exists: Conill d'espatlla d'anoll
[2025-05-22 16:53:03] ⚠️ Already exists: Jarret d'anoll
[2025-05-22 16:53:03] ⚠️ Already exists: Mixt de bull negre i donegal
[2025-05-22 16:53:03] ⚠️ Already exists: Càpsules Nescafé Dolce Gusto espresso intens
[2025-05-22 16:53:04] ⚠️ Already exists: Salmó adults
[2025-05-22 16:53:04] ⚠️ Already exists: Salmó adults
[2025-05-22 16:53:04] ⚠️ Already exists: Original adults
[2025-05-22 16:53:05] ⚠️ Already exists: Original adults
[2025-05-22 16:53:05] ⚠️ Already exists: Junior 2-12 mesos
[2025-05-22 16:53:05] ⚠️ Already exists: Junior 2-12 mesos
[2025-05-22 16:53:06] ⚠️ Already exists: Pit de pollastre groc sencer
[2025-05-22 16:53:06] ⚠️ Already exists: Pernilets de pollastre groc
[2025-05-22 16:53:06] ⚠️ Already exists: Pit de pollastre blanc sencer
[2025-05-22 16:53:07] ⚠️ Already exists: Pernilets de pollastre blanc
[2025-05-22 16:53:07] ⚠️ Already exists: Pit de pollastre groc filetejat
[2025-05-22 16:53:08] ⚠️ Already exists: Pit de pollastre sencer 65% cereals
[2025-05-22 16:53:09] 🌐 Visiting: https://www.bonarea-online.com/online/carns-i-ous/conill
[2025-05-22 16:53:19] 🔎 Found 24 product(s) in category 'conill'
[2025-05-22 16:53:20] ⚠️ Already exists: Gaspatxo
[2025-05-22 16:53:21] ⚠️ Already exists: Salmorejo
[2025-05-22 16:53:21] ⚠️ Already exists: Gaspatxo bric
[2025-05-22 16:53:21] ⚠️ Already exists: Salmorejo bric
[2025-05-22 16:53:22] ⚠️ Already exists: Gaspatxo estil andalús
[2025-05-22 16:53:22] ⚠️ Already exists: Gaspatxo de maduixa
[2025-05-22 16:53:23] ⚠️ Already exists: Hummus
[2025-05-22 16:53:23] ⚠️ Already exists: Cap de llom filetejat a la planxa
[2025-05-22 16:53:24] ⚠️ Already exists: Conill d'espatlla d'anoll
[2025-05-22 16:53:24] ⚠️ Already exists: Jarret d'anoll
[2025-05-22 16:53:25] ⚠️ Already exists: Mixt de bull negre i donegal
[2025-05-22 16:53:25] ⚠️ Already exists: Càpsules Nescafé Dolce Gusto espresso intens
[2025-05-22 16:53:26] ⚠️ Already exists: Salmó adults
[2025-05-22 16:53:26] ⚠️ Already exists: Salmó adults
[2025-05-22 16:53:26] ⚠️ Already exists: Original adults
[2025-05-22 16:53:27] ⚠️ Already exists: Original adults
[2025-05-22 16:53:27] ⚠️ Already exists: Junior 2-12 mesos
[2025-05-22 16:53:28] ⚠️ Already exists: Junior 2-12 mesos
[2025-05-22 16:53:28] ⚠️ Already exists: Pit de pollastre groc sencer
[2025-05-22 16:53:28] ⚠️ Already exists: Pernilets de pollastre groc
[2025-05-22 16:53:29] ⚠️ Already exists: Pit de pollastre blanc sencer
[2025-05-22 16:53:30] ⚠️ Already exists: Pernilets de pollastre blanc
[2025-05-22 16:53:30] ⚠️ Already exists: Pit de pollastre groc filetejat
[2025-05-22 16:53:31] ⚠️ Already exists: Pit de pollastre sencer 65% cereals
[2025-05-22 16:53:32] 🌐 Visiting: https://www.bonarea-online.com/online/carns-i-ous/porc
[2025-05-22 16:53:42] 🔎 Found 24 product(s) in category 'porc'
[2025-05-22 16:53:45] ⚠️ Already exists: Gaspatxo
[2025-05-22 16:53:46] ⚠️ Already exists: Salmorejo
[2025-05-22 16:53:46] ⚠️ Already exists: Gaspatxo bric
[2025-05-22 16:53:46] ⚠️ Already exists: Salmorejo bric
[2025-05-22 16:53:47] ⚠️ Already exists: Gaspatxo estil andalús
[2025-05-22 16:53:47] ⚠️ Already exists: Gaspatxo de maduixa
[2025-05-22 16:53:47] ⚠️ Already exists: Hummus
[2025-05-22 16:53:48] ⚠️ Already exists: Cap de llom filetejat a la planxa
[2025-05-22 16:53:49] ⚠️ Already exists: Conill d'espatlla d'anoll
[2025-05-22 16:53:49] ⚠️ Already exists: Jarret d'anoll
[2025-05-22 16:53:49] ⚠️ Already exists: Mixt de bull negre i donegal
[2025-05-22 16:53:50] ⚠️ Already exists: Càpsules Nescafé Dolce Gusto espresso intens
[2025-05-22 16:53:50] ⚠️ Already exists: Salmó adults
[2025-05-22 16:53:50] ⚠️ Already exists: Salmó adults
[2025-05-22 16:53:51] ⚠️ Already exists: Original adults
[2025-05-22 16:53:51] ⚠️ Already exists: Original adults
[2025-05-22 16:53:51] ⚠️ Already exists: Junior 2-12 mesos
[2025-05-22 16:53:52] ⚠️ Already exists: Junior 2-12 mesos
[2025-05-22 16:53:52] ⚠️ Already exists: Pit de pollastre groc sencer
[2025-05-22 16:53:53] ⚠️ Already exists: Pernilets de pollastre groc
[2025-05-22 16:53:53] ⚠️ Already exists: Pit de pollastre blanc sencer
[2025-05-22 16:53:54] ⚠️ Already exists: Pernilets de pollastre blanc
[2025-05-22 16:53:54] ⚠️ Already exists: Pit de pollastre groc filetejat
[2025-05-22 16:53:55] ⚠️ Already exists: Pit de pollastre sencer 65% cereals
[2025-05-22 16:53:55] 🌐 Visiting: https://www.bonarea-online.com/online/carns-i-ous/vedella
[2025-05-22 16:54:05] 🔎 Found 24 product(s) in category 'vedella'
[2025-05-22 16:54:06] ⚠️ Already exists: Gaspatxo
[2025-05-22 16:54:07] ⚠️ Already exists: Salmorejo
[2025-05-22 16:54:07] ⚠️ Already exists: Gaspatxo bric
[2025-05-22 16:54:08] ⚠️ Already exists: Salmorejo bric
[2025-05-22 16:54:09] ⚠️ Already exists: Gaspatxo estil andalús
[2025-05-22 16:54:09] ⚠️ Already exists: Gaspatxo de maduixa
[2025-05-22 16:54:10] ⚠️ Already exists: Hummus
[2025-05-22 16:54:10] ⚠️ Already exists: Cap de llom filetejat a la planxa
[2025-05-22 16:54:11] ⚠️ Already exists: Conill d'espatlla d'anoll
[2025-05-22 16:54:11] ⚠️ Already exists: Jarret d'anoll
[2025-05-22 16:54:11] ⚠️ Already exists: Mixt de bull negre i donegal
[2025-05-22 16:54:12] ⚠️ Already exists: Càpsules Nescafé Dolce Gusto espresso intens
[2025-05-22 16:54:12] ⚠️ Already exists: Salmó adults
[2025-05-22 16:54:12] ⚠️ Already exists: Salmó adults
[2025-05-22 16:54:13] ⚠️ Already exists: Original adults
[2025-05-22 16:54:13] ⚠️ Already exists: Original adults
[2025-05-22 16:54:14] ⚠️ Already exists: Junior 2-12 mesos
[2025-05-22 16:54:14] ⚠️ Already exists: Junior 2-12 mesos
[2025-05-22 16:54:14] ⚠️ Already exists: Pit de pollastre groc sencer
[2025-05-22 16:54:15] ⚠️ Already exists: Pernilets de pollastre groc
[2025-05-22 16:54:15] ⚠️ Already exists: Pit de pollastre blanc sencer
[2025-05-22 16:54:16] ⚠️ Already exists: Pernilets de pollastre blanc
[2025-05-22 16:54:16] ⚠️ Already exists: Pit de pollastre groc filetejat
[2025-05-22 16:54:16] ⚠️ Already exists: Pit de pollastre sencer 65% cereals
[2025-05-22 16:54:17] 🌐 Visiting: https://www.bonarea-online.com/online/lactics-i-derivats
[2025-05-22 16:54:28] 🔎 Found 24 product(s) in category 'lactis'
[2025-05-22 16:54:31] ⚠️ Already exists: Gaspatxo
[2025-05-22 16:54:31] ⚠️ Already exists: Salmorejo
[2025-05-22 16:54:32] ⚠️ Already exists: Gaspatxo bric
[2025-05-22 16:54:32] ⚠️ Already exists: Salmorejo bric
[2025-05-22 16:54:38] ⚠️ Already exists: Gaspatxo estil andalús
[2025-05-22 16:54:40] ⚠️ Already exists: Gaspatxo de maduixa
[2025-05-22 16:54:40] ⚠️ Already exists: Hummus
[2025-05-22 16:54:41] ⚠️ Already exists: Cap de llom filetejat a la planxa
[2025-05-22 16:54:42] ⚠️ Already exists: Conill d'espatlla d'anoll
[2025-05-22 16:54:42] ⚠️ Already exists: Jarret d'anoll
[2025-05-22 16:54:43] ⚠️ Already exists: Mixt de bull negre i donegal
[2025-05-22 16:54:43] ⚠️ Already exists: Càpsules Nescafé Dolce Gusto espresso intens
[2025-05-22 16:54:44] ⚠️ Already exists: Salmó adults
[2025-05-22 16:54:45] ⚠️ Already exists: Salmó adults
[2025-05-22 16:54:45] ⚠️ Already exists: Original adults
[2025-05-22 16:54:46] ⚠️ Already exists: Original adults
[2025-05-22 16:54:46] ⚠️ Already exists: Junior 2-12 mesos
[2025-05-22 16:54:47] ⚠️ Already exists: Junior 2-12 mesos
[2025-05-22 16:54:47] ⚠️ Already exists: Pit de pollastre groc sencer
[2025-05-22 16:54:48] ⚠️ Already exists: Pernilets de pollastre groc
[2025-05-22 16:54:48] ⚠️ Already exists: Pit de pollastre blanc sencer
[2025-05-22 16:54:49] ⚠️ Already exists: Pernilets de pollastre blanc
[2025-05-22 16:54:49] ⚠️ Already exists: Pit de pollastre groc filetejat
[2025-05-22 16:54:50] ⚠️ Already exists: Pit de pollastre sencer 65% cereals
[2025-05-22 16:54:51] 🌐 Visiting: https://www.bonarea-online.com/online/embotits-i-xarcuteria
[2025-05-22 16:55:08] 🔎 Found 24 product(s) in category 'embotits'
[2025-05-22 16:55:11] ⚠️ Already exists: Gaspatxo
[2025-05-22 16:55:12] ⚠️ Already exists: Salmorejo
[2025-05-22 16:55:12] ⚠️ Already exists: Gaspatxo bric
[2025-05-22 16:55:12] ⚠️ Already exists: Salmorejo bric
[2025-05-22 16:55:13] ⚠️ Already exists: Gaspatxo estil andalús
[2025-05-22 16:55:13] ⚠️ Already exists: Gaspatxo de maduixa
[2025-05-22 16:55:14] ⚠️ Already exists: Hummus
[2025-05-22 16:55:14] ⚠️ Already exists: Cap de llom filetejat a la planxa
[2025-05-22 16:55:14] ⚠️ Already exists: Conill d'espatlla d'anoll
[2025-05-22 16:55:15] ⚠️ Already exists: Jarret d'anoll
[2025-05-22 16:55:15] ⚠️ Already exists: Mixt de bull negre i donegal
[2025-05-22 16:55:16] ⚠️ Already exists: Càpsules Nescafé Dolce Gusto espresso intens
[2025-05-22 16:55:16] ⚠️ Already exists: Salmó adults
[2025-05-22 16:55:16] ⚠️ Already exists: Salmó adults
[2025-05-22 16:55:17] ⚠️ Already exists: Original adults
[2025-05-22 16:55:17] ⚠️ Already exists: Original adults
[2025-05-22 16:55:17] ⚠️ Already exists: Junior 2-12 mesos
[2025-05-22 16:55:18] ⚠️ Already exists: Junior 2-12 mesos
[2025-05-22 16:55:19] ⚠️ Already exists: Pit de pollastre groc sencer
[2025-05-22 16:55:20] ⚠️ Already exists: Pernilets de pollastre groc
[2025-05-22 16:55:20] ⚠️ Already exists: Pit de pollastre blanc sencer
[2025-05-22 16:55:20] ⚠️ Already exists: Pernilets de pollastre blanc
[2025-05-22 16:55:22] ⚠️ Already exists: Pit de pollastre groc filetejat
[2025-05-22 16:55:22] ⚠️ Already exists: Pit de pollastre sencer 65% cereals
[2025-05-22 16:55:23] 🌐 Visiting: https://www.bonarea-online.com/online/begudes/begudes
[2025-05-22 16:55:40] 🔎 Found 24 product(s) in category 'begudes'
[2025-05-22 16:55:40] ⚠️ Already exists: Gaspatxo
[2025-05-22 16:55:43] ⚠️ Already exists: Salmorejo
[2025-05-22 16:55:44] ⚠️ Already exists: Gaspatxo bric
[2025-05-22 16:55:44] ⚠️ Already exists: Salmorejo bric
[2025-05-22 16:55:45] ⚠️ Already exists: Gaspatxo estil andalús
[2025-05-22 16:55:45] ⚠️ Already exists: Gaspatxo de maduixa
[2025-05-22 16:55:45] ⚠️ Already exists: Hummus
[2025-05-22 16:55:46] ⚠️ Already exists: Cap de llom filetejat a la planxa
[2025-05-22 16:55:46] ⚠️ Already exists: Conill d'espatlla d'anoll
[2025-05-22 16:55:46] ⚠️ Already exists: Jarret d'anoll
[2025-05-22 16:55:47] ⚠️ Already exists: Mixt de bull negre i donegal
[2025-05-22 16:55:47] ⚠️ Already exists: Càpsules Nescafé Dolce Gusto espresso intens
[2025-05-22 16:55:47] ⚠️ Already exists: Salmó adults
[2025-05-22 16:55:48] ⚠️ Already exists: Salmó adults
[2025-05-22 16:55:48] ⚠️ Already exists: Original adults
[2025-05-22 16:55:49] ⚠️ Already exists: Original adults
[2025-05-22 16:55:49] ⚠️ Already exists: Junior 2-12 mesos
[2025-05-22 16:55:50] ⚠️ Already exists: Junior 2-12 mesos
[2025-05-22 16:55:50] ⚠️ Already exists: Pit de pollastre groc sencer
[2025-05-22 16:55:51] ⚠️ Already exists: Pernilets de pollastre groc
[2025-05-22 16:55:51] ⚠️ Already exists: Pit de pollastre blanc sencer
[2025-05-22 16:55:51] ⚠️ Already exists: Pernilets de pollastre blanc
[2025-05-22 16:55:52] ⚠️ Already exists: Pit de pollastre groc filetejat
[2025-05-22 16:55:52] ⚠️ Already exists: Pit de pollastre sencer 65% cereals
[2025-05-22 16:55:53] 🌐 Visiting: https://www.bonarea-online.com/online/plats-preparats
[2025-05-22 16:56:21] 🔎 Found 24 product(s) in category 'plats'
[2025-05-22 16:56:23] ⚠️ Already exists: Gaspatxo
[2025-05-22 16:56:23] ⚠️ Already exists: Salmorejo
[2025-05-22 16:56:23] ⚠️ Already exists: Gaspatxo bric
[2025-05-22 16:56:24] ⚠️ Already exists: Salmorejo bric
[2025-05-22 16:56:25] ⚠️ Already exists: Gaspatxo estil andalús
[2025-05-22 16:56:25] ⚠️ Already exists: Gaspatxo de maduixa
[2025-05-22 16:56:25] ⚠️ Already exists: Hummus
[2025-05-22 16:56:26] ⚠️ Already exists: Cap de llom filetejat a la planxa
[2025-05-22 16:56:29] ⚠️ Already exists: Conill d'espatlla d'anoll
[2025-05-22 16:56:30] ⚠️ Already exists: Jarret d'anoll
[2025-05-22 16:56:30] ⚠️ Already exists: Mixt de bull negre i donegal
[2025-05-22 16:56:34] ⚠️ Already exists: Càpsules Nescafé Dolce Gusto espresso intens
[2025-05-22 16:56:34] ⚠️ Already exists: Salmó adults
[2025-05-22 16:56:35] ⚠️ Already exists: Salmó adults
[2025-05-22 16:56:36] ⚠️ Already exists: Original adults
[2025-05-22 16:56:36] ⚠️ Already exists: Original adults
[2025-05-22 16:56:37] ⚠️ Already exists: Junior 2-12 mesos
[2025-05-22 16:56:37] ⚠️ Already exists: Junior 2-12 mesos
[2025-05-22 16:56:37] ⚠️ Already exists: Pit de pollastre groc sencer
[2025-05-22 16:56:38] ⚠️ Already exists: Pernilets de pollastre groc
[2025-05-22 16:56:38] ⚠️ Already exists: Pit de pollastre blanc sencer
[2025-05-22 16:56:39] ⚠️ Already exists: Pernilets de pollastre blanc
[2025-05-22 16:56:39] ⚠️ Already exists: Pit de pollastre groc filetejat
[2025-05-22 16:56:40] ⚠️ Already exists: Pit de pollastre sencer 65% cereals
[2025-05-22 16:56:40] 🌐 Visiting: https://www.bonarea-online.com/online/congelats
[2025-05-22 16:56:57] 🔎 Found 24 product(s) in category 'congelats'
[2025-05-22 16:57:01] ⚠️ Already exists: Gaspatxo
[2025-05-22 16:57:03] ⚠️ Already exists: Salmorejo
[2025-05-22 16:57:03] ⚠️ Already exists: Gaspatxo bric
[2025-05-22 16:57:04] ⚠️ Already exists: Salmorejo bric
[2025-05-22 16:57:04] ⚠️ Already exists: Gaspatxo estil andalús
[2025-05-22 16:57:05] ⚠️ Already exists: Gaspatxo de maduixa
[2025-05-22 16:57:05] ⚠️ Already exists: Hummus
[2025-05-22 16:57:06] ⚠️ Already exists: Cap de llom filetejat a la planxa
[2025-05-22 16:57:07] ⚠️ Already exists: Conill d'espatlla d'anoll
[2025-05-22 16:57:07] ⚠️ Already exists: Jarret d'anoll
[2025-05-22 16:57:08] ⚠️ Already exists: Mixt de bull negre i donegal
[2025-05-22 16:57:08] ⚠️ Already exists: Càpsules Nescafé Dolce Gusto espresso intens
[2025-05-22 16:57:09] ⚠️ Already exists: Salmó adults
[2025-05-22 16:57:09] ⚠️ Already exists: Salmó adults
[2025-05-22 16:57:10] ⚠️ Already exists: Original adults
[2025-05-22 16:57:10] ⚠️ Already exists: Original adults
[2025-05-22 16:57:10] ⚠️ Already exists: Junior 2-12 mesos
[2025-05-22 16:57:11] ⚠️ Already exists: Junior 2-12 mesos
[2025-05-22 16:57:11] ⚠️ Already exists: Pit de pollastre groc sencer
[2025-05-22 16:57:11] ⚠️ Already exists: Pernilets de pollastre groc
[2025-05-22 16:57:12] ⚠️ Already exists: Pit de pollastre blanc sencer
[2025-05-22 16:57:12] ⚠️ Already exists: Pernilets de pollastre blanc
[2025-05-22 16:57:13] ⚠️ Already exists: Pit de pollastre groc filetejat
[2025-05-22 16:57:13] ⚠️ Already exists: Pit de pollastre sencer 65% cereals
[2025-05-22 16:57:14] 🌐 Visiting: https://www.bonarea-online.com/online/postres-i-dolcos
[2025-05-22 16:57:29] 🔎 Found 24 product(s) in category 'postres'
[2025-05-22 16:57:30] ⚠️ Already exists: Gaspatxo
[2025-05-22 16:57:30] ⚠️ Already exists: Salmorejo
[2025-05-22 16:57:30] ⚠️ Already exists: Gaspatxo bric
[2025-05-22 16:57:30] ⚠️ Already exists: Salmorejo bric
[2025-05-22 16:57:31] ⚠️ Already exists: Gaspatxo estil andalús
[2025-05-22 16:57:31] ⚠️ Already exists: Gaspatxo de maduixa
[2025-05-22 16:57:31] ⚠️ Already exists: Hummus
[2025-05-22 16:57:32] ⚠️ Already exists: Cap de llom filetejat a la planxa
[2025-05-22 16:57:32] ⚠️ Already exists: Conill d'espatlla d'anoll
[2025-05-22 16:57:33] ⚠️ Already exists: Jarret d'anoll
[2025-05-22 16:57:33] ⚠️ Already exists: Mixt de bull negre i donegal
[2025-05-22 16:57:33] ⚠️ Already exists: Càpsules Nescafé Dolce Gusto espresso intens
[2025-05-22 16:57:34] ⚠️ Already exists: Salmó adults
[2025-05-22 16:57:34] ⚠️ Already exists: Salmó adults
[2025-05-22 16:57:35] ⚠️ Already exists: Original adults
[2025-05-22 16:57:35] ⚠️ Already exists: Original adults
[2025-05-22 16:57:36] ⚠️ Already exists: Junior 2-12 mesos
[2025-05-22 16:57:36] ⚠️ Already exists: Junior 2-12 mesos
[2025-05-22 16:57:36] ⚠️ Already exists: Pit de pollastre groc sencer
[2025-05-22 16:57:37] ⚠️ Already exists: Pernilets de pollastre groc
[2025-05-22 16:57:37] ⚠️ Already exists: Pit de pollastre blanc sencer
[2025-05-22 16:57:37] ⚠️ Already exists: Pernilets de pollastre blanc
[2025-05-22 16:57:38] ⚠️ Already exists: Pit de pollastre groc filetejat
[2025-05-22 16:57:38] ⚠️ Already exists: Pit de pollastre sencer 65% cereals
[2025-05-22 16:57:39] 🌐 Visiting: https://www.bonarea-online.com/online/pa-i-brioxeria
[2025-05-22 16:57:46] 🔎 Found 24 product(s) in category 'pa'
[2025-05-22 16:57:47] ⚠️ Already exists: Gaspatxo
[2025-05-22 16:57:47] ⚠️ Already exists: Salmorejo
[2025-05-22 16:57:48] ⚠️ Already exists: Gaspatxo bric
[2025-05-22 16:57:49] ⚠️ Already exists: Salmorejo bric
[2025-05-22 16:57:49] ⚠️ Already exists: Gaspatxo estil andalús
[2025-05-22 16:57:50] ⚠️ Already exists: Gaspatxo de maduixa
[2025-05-22 16:57:50] ⚠️ Already exists: Hummus
[2025-05-22 16:57:50] ⚠️ Already exists: Cap de llom filetejat a la planxa
[2025-05-22 16:57:51] ⚠️ Already exists: Conill d'espatlla d'anoll
[2025-05-22 16:57:51] ⚠️ Already exists: Jarret d'anoll
[2025-05-22 16:57:52] ⚠️ Already exists: Mixt de bull negre i donegal
[2025-05-22 16:57:52] ⚠️ Already exists: Càpsules Nescafé Dolce Gusto espresso intens
[2025-05-22 16:57:52] ⚠️ Already exists: Salmó adults
[2025-05-22 16:57:53] ⚠️ Already exists: Salmó adults
[2025-05-22 16:57:53] ⚠️ Already exists: Original adults
[2025-05-22 16:57:53] ⚠️ Already exists: Original adults
[2025-05-22 16:57:54] ⚠️ Already exists: Junior 2-12 mesos
[2025-05-22 16:57:54] ⚠️ Already exists: Junior 2-12 mesos
[2025-05-22 16:57:54] ⚠️ Already exists: Pit de pollastre groc sencer
[2025-05-22 16:57:54] ⚠️ Already exists: Pernilets de pollastre groc
[2025-05-22 16:57:55] ⚠️ Already exists: Pit de pollastre blanc sencer
[2025-05-22 16:57:55] ⚠️ Already exists: Pernilets de pollastre blanc
[2025-05-22 16:57:56] ⚠️ Already exists: Pit de pollastre groc filetejat
[2025-05-22 16:57:56] ⚠️ Already exists: Pit de pollastre sencer 65% cereals
[2025-05-22 16:57:57] 🌐 Visiting: https://www.bonarea-online.com/online/verdures-i-hortalisses
[2025-05-22 16:58:04] 🔎 Found 24 product(s) in category 'verdures'
[2025-05-22 16:58:05] ⚠️ Already exists: Gaspatxo
[2025-05-22 16:58:06] ⚠️ Already exists: Salmorejo
[2025-05-22 16:58:06] ⚠️ Already exists: Gaspatxo bric
[2025-05-22 16:58:07] ⚠️ Already exists: Salmorejo bric
[2025-05-22 16:58:07] ⚠️ Already exists: Gaspatxo estil andalús
[2025-05-22 16:58:08] ⚠️ Already exists: Gaspatxo de maduixa
[2025-05-22 16:58:08] ⚠️ Already exists: Hummus
[2025-05-22 16:58:09] ⚠️ Already exists: Cap de llom filetejat a la planxa
[2025-05-22 16:58:09] ⚠️ Already exists: Conill d'espatlla d'anoll
[2025-05-22 16:58:09] ⚠️ Already exists: Jarret d'anoll
[2025-05-22 16:58:10] ⚠️ Already exists: Mixt de bull negre i donegal
[2025-05-22 16:58:10] ⚠️ Already exists: Càpsules Nescafé Dolce Gusto espresso intens
[2025-05-22 16:58:11] ⚠️ Already exists: Salmó adults
[2025-05-22 16:58:11] ⚠️ Already exists: Salmó adults
[2025-05-22 16:58:12] ⚠️ Already exists: Original adults
[2025-05-22 16:58:12] ⚠️ Already exists: Original adults
[2025-05-22 16:58:13] ⚠️ Already exists: Junior 2-12 mesos
[2025-05-22 16:58:13] ⚠️ Already exists: Junior 2-12 mesos
[2025-05-22 16:58:14] ⚠️ Already exists: Pit de pollastre groc sencer
[2025-05-22 16:58:14] ⚠️ Already exists: Pernilets de pollastre groc
[2025-05-22 16:58:14] ⚠️ Already exists: Pit de pollastre blanc sencer
[2025-05-22 16:58:15] ⚠️ Already exists: Pernilets de pollastre blanc
[2025-05-22 16:58:15] ⚠️ Already exists: Pit de pollastre groc filetejat
[2025-05-22 16:58:15] ⚠️ Already exists: Pit de pollastre sencer 65% cereals
[2025-05-22 16:58:16] 🌐 Visiting: https://www.bonarea-online.com/online/fruites
[2025-05-22 16:58:27] 🔎 Found 24 product(s) in category 'fruites'
[2025-05-22 16:58:42] ⚠️ Already exists: Gaspatxo
[2025-05-22 16:58:43] ⚠️ Already exists: Salmorejo
[2025-05-22 16:58:43] ⚠️ Already exists: Gaspatxo bric
[2025-05-22 16:58:44] ⚠️ Already exists: Salmorejo bric
[2025-05-22 16:58:44] ⚠️ Already exists: Gaspatxo estil andalús
[2025-05-22 16:58:45] ⚠️ Already exists: Gaspatxo de maduixa
[2025-05-22 16:58:45] ⚠️ Already exists: Hummus
[2025-05-22 16:58:46] ⚠️ Already exists: Cap de llom filetejat a la planxa
[2025-05-22 16:58:46] ⚠️ Already exists: Conill d'espatlla d'anoll
[2025-05-22 16:58:47] ⚠️ Already exists: Jarret d'anoll
[2025-05-22 16:58:47] ⚠️ Already exists: Mixt de bull negre i donegal
[2025-05-22 16:58:48] ⚠️ Already exists: Càpsules Nescafé Dolce Gusto espresso intens
[2025-05-22 16:58:48] ⚠️ Already exists: Salmó adults
[2025-05-22 16:58:48] ⚠️ Already exists: Salmó adults
[2025-05-22 16:58:49] ⚠️ Already exists: Original adults
[2025-05-22 16:58:50] ⚠️ Already exists: Original adults
[2025-05-22 16:58:50] ⚠️ Already exists: Junior 2-12 mesos
[2025-05-22 16:58:51] ⚠️ Already exists: Junior 2-12 mesos
[2025-05-22 16:58:51] ⚠️ Already exists: Pit de pollastre groc sencer
[2025-05-22 16:58:52] ⚠️ Already exists: Pernilets de pollastre groc
[2025-05-22 16:58:52] ⚠️ Already exists: Pit de pollastre blanc sencer
[2025-05-22 16:58:53] ⚠️ Already exists: Pernilets de pollastre blanc
[2025-05-22 16:58:53] ⚠️ Already exists: Pit de pollastre groc filetejat
[2025-05-22 16:58:54] ⚠️ Already exists: Pit de pollastre sencer 65% cereals
[2025-05-22 16:58:55] 🌐 Visiting: https://www.bonarea-online.com/online/peix-i-marisc
[2025-05-22 16:59:19] 🔎 Found 24 product(s) in category 'peix'
[2025-05-22 16:59:20] ⚠️ Already exists: Gaspatxo
[2025-05-22 16:59:21] ⚠️ Already exists: Salmorejo
[2025-05-22 16:59:21] ⚠️ Already exists: Gaspatxo bric
[2025-05-22 16:59:21] ⚠️ Already exists: Salmorejo bric
[2025-05-22 16:59:22] ⚠️ Already exists: Gaspatxo estil andalús
[2025-05-22 16:59:23] ⚠️ Already exists: Gaspatxo de maduixa
[2025-05-22 16:59:25] ⚠️ Already exists: Hummus
[2025-05-22 16:59:26] ⚠️ Already exists: Cap de llom filetejat a la planxa
[2025-05-22 16:59:26] ⚠️ Already exists: Conill d'espatlla d'anoll
[2025-05-22 16:59:27] ⚠️ Already exists: Jarret d'anoll
[2025-05-22 16:59:27] ⚠️ Already exists: Mixt de bull negre i donegal
[2025-05-22 16:59:28] ⚠️ Already exists: Càpsules Nescafé Dolce Gusto espresso intens
[2025-05-22 16:59:28] ⚠️ Already exists: Salmó adults
[2025-05-22 16:59:28] ⚠️ Already exists: Salmó adults
[2025-05-22 16:59:29] ⚠️ Already exists: Original adults
[2025-05-22 16:59:30] ⚠️ Already exists: Original adults
[2025-05-22 16:59:31] ⚠️ Already exists: Junior 2-12 mesos
[2025-05-22 16:59:31] ⚠️ Already exists: Junior 2-12 mesos
[2025-05-22 16:59:31] ⚠️ Already exists: Pit de pollastre groc sencer
[2025-05-22 16:59:32] ⚠️ Already exists: Pernilets de pollastre groc
[2025-05-22 16:59:32] ⚠️ Already exists: Pit de pollastre blanc sencer
[2025-05-22 16:59:33] ⚠️ Already exists: Pernilets de pollastre blanc
[2025-05-22 16:59:33] ⚠️ Already exists: Pit de pollastre groc filetejat
[2025-05-22 16:59:34] ⚠️ Already exists: Pit de pollastre sencer 65% cereals
[2025-05-22 16:59:34] 🌐 Visiting: https://www.bonarea-online.com/online/alimentacio-infantil
[2025-05-22 16:59:47] 🔎 Found 24 product(s) in category 'infantil'
[2025-05-22 16:59:51] ⚠️ Already exists: Gaspatxo
[2025-05-22 16:59:52] ⚠️ Already exists: Salmorejo
[2025-05-22 16:59:52] ⚠️ Already exists: Gaspatxo bric
[2025-05-22 16:59:53] ⚠️ Already exists: Salmorejo bric
[2025-05-22 16:59:53] ⚠️ Already exists: Gaspatxo estil andalús
[2025-05-22 16:59:54] ⚠️ Already exists: Gaspatxo de maduixa
[2025-05-22 16:59:54] ⚠️ Already exists: Hummus
[2025-05-22 16:59:54] ⚠️ Already exists: Cap de llom filetejat a la planxa
[2025-05-22 16:59:54] ⚠️ Already exists: Conill d'espatlla d'anoll
[2025-05-22 16:59:55] ⚠️ Already exists: Jarret d'anoll
[2025-05-22 16:59:55] ⚠️ Already exists: Mixt de bull negre i donegal
[2025-05-22 16:59:56] ⚠️ Already exists: Càpsules Nescafé Dolce Gusto espresso intens
[2025-05-22 16:59:56] ⚠️ Already exists: Salmó adults
[2025-05-22 16:59:56] ⚠️ Already exists: Salmó adults
[2025-05-22 16:59:57] ⚠️ Already exists: Original adults
[2025-05-22 16:59:57] ⚠️ Already exists: Original adults
[2025-05-22 16:59:58] ⚠️ Already exists: Junior 2-12 mesos
[2025-05-22 16:59:58] ⚠️ Already exists: Junior 2-12 mesos
[2025-05-22 16:59:59] ⚠️ Already exists: Pit de pollastre groc sencer
[2025-05-22 16:59:59] ⚠️ Already exists: Pernilets de pollastre groc
[2025-05-22 16:59:59] ⚠️ Already exists: Pit de pollastre blanc sencer
[2025-05-22 17:00:00] ⚠️ Already exists: Pernilets de pollastre blanc
[2025-05-22 17:00:00] ⚠️ Already exists: Pit de pollastre groc filetejat
[2025-05-22 17:00:01] ⚠️ Already exists: Pit de pollastre sencer 65% cereals
[2025-05-22 17:03:08] 🌐 Visiting: https://www.bonarea-online.com/online/carns-i-ous
[2025-05-22 17:03:13] 🔄 Scroll 1/10 completed...
[2025-05-22 17:03:14] 🔄 Scroll 2/10 completed...
[2025-05-22 17:03:15] 🔄 Scroll 3/10 completed...
[2025-05-22 17:03:16] 🔄 Scroll 4/10 completed...
[2025-05-22 17:03:17] 🔄 Scroll 5/10 completed...
[2025-05-22 17:03:18] 🔄 Scroll 6/10 completed...
[2025-05-22 17:03:19] 🔄 Scroll 7/10 completed...
[2025-05-22 17:03:20] 🔄 Scroll 8/10 completed...
[2025-05-22 17:03:21] 🔄 Scroll 9/10 completed...
[2025-05-22 17:03:22] 🔄 Scroll 10/10 completed...
[2025-05-22 17:03:22] 🔎 Found 24 product(s) in category 'carn'
[2025-05-22 17:03:23] Attempting to insert product: {'name': 'Gaspatxo', 'price': 2.85, 'category': 'carn', 'store_id': 'bonarea', 'quantity': '1 l'}
[2025-05-22 17:03:23] Supabase Response: data=[{'name': 'Gaspatxo', 'price': 2.85, 'category': 'carn', 'store_id': 'bonarea', 'quantity': '1 l', 'id': 'b4a6325c-5cb6-4540-840f-8c9890bdf905', 'created_at': '2025-05-22T14:03:24.537808'}] count=None
[2025-05-22 17:03:23] ✅ Successfully inserted: Gaspatxo
[2025-05-22 17:03:23] ✅ Gaspatxo — 2.85 (1 l)
[2025-05-22 17:03:23] Attempting to insert product: {'name': 'Salmorejo', 'price': 3.15, 'category': 'carn', 'store_id': 'bonarea', 'quantity': '1 l'}
[2025-05-22 17:03:24] Supabase Response: data=[{'name': 'Salmorejo', 'price': 3.15, 'category': 'carn', 'store_id': 'bonarea', 'quantity': '1 l', 'id': '5d02a491-a450-4c48-a7d3-ee54c672d2ed', 'created_at': '2025-05-22T14:03:25.155939'}] count=None
[2025-05-22 17:03:24] ✅ Successfully inserted: Salmorejo
[2025-05-22 17:03:24] ✅ Salmorejo — 3.15 (1 l)
[2025-05-22 17:03:24] Attempting to insert product: {'name': 'Gaspatxo bric', 'price': 1.95, 'category': 'carn', 'store_id': 'bonarea', 'quantity': '1 l'}
[2025-05-22 17:03:24] Supabase Response: data=[{'name': 'Gaspatxo bric', 'price': 1.95, 'category': 'carn', 'store_id': 'bonarea', 'quantity': '1 l', 'id': 'b1150292-3efc-486e-a842-5bf7c8732642', 'created_at': '2025-05-22T14:03:25.750615'}] count=None
[2025-05-22 17:03:24] ✅ Successfully inserted: Gaspatxo bric
[2025-05-22 17:03:24] ✅ Gaspatxo bric — 1.95 (1 l)
[2025-05-22 17:03:24] Attempting to insert product: {'name': 'Salmorejo bric', 'price': 2.3, 'category': 'carn', 'store_id': 'bonarea', 'quantity': '1 l'}
[2025-05-22 17:03:25] Supabase Response: data=[{'name': 'Salmorejo bric', 'price': 2.3, 'category': 'carn', 'store_id': 'bonarea', 'quantity': '1 l', 'id': 'f38e168b-23eb-4f8d-b2af-14bdcf00c8c3', 'created_at': '2025-05-22T14:03:26.384499'}] count=None
[2025-05-22 17:03:25] ✅ Successfully inserted: Salmorejo bric
[2025-05-22 17:03:25] ✅ Salmorejo bric — 2.3 (1 l)
[2025-05-22 17:03:25] Attempting to insert product: {'name': 'Gaspatxo estil andalús', 'price': 1.1, 'category': 'carn', 'store_id': 'bonarea', 'quantity': '300 g'}
[2025-05-22 17:03:25] Supabase Response: data=[{'name': 'Gaspatxo estil andalús', 'price': 1.1, 'category': 'carn', 'store_id': 'bonarea', 'quantity': '300 g', 'id': 'cc4a604b-7a9c-4855-abf3-10ca0f9bfa2b', 'created_at': '2025-05-22T14:03:26.996703'}] count=None
[2025-05-22 17:03:25] ✅ Successfully inserted: Gaspatxo estil andalús
[2025-05-22 17:03:25] ✅ Gaspatxo estil andalús — 1.1 (300 g)
[2025-05-22 17:03:26] Attempting to insert product: {'name': 'Gaspatxo de maduixa', 'price': 1.25, 'category': 'carn', 'store_id': 'bonarea', 'quantity': '300 g'}
[2025-05-22 17:03:26] Supabase Response: data=[{'name': 'Gaspatxo de maduixa', 'price': 1.25, 'category': 'carn', 'store_id': 'bonarea', 'quantity': '300 g', 'id': '2de5f151-da85-4a57-8989-c04879fb38a0', 'created_at': '2025-05-22T14:03:27.692738'}] count=None
[2025-05-22 17:03:26] ✅ Successfully inserted: Gaspatxo de maduixa
[2025-05-22 17:03:26] ✅ Gaspatxo de maduixa — 1.25 (300 g)
[2025-05-22 17:03:27] Attempting to insert product: {'name': 'Hummus', 'price': 0.94, 'category': 'carn', 'store_id': 'bonarea', 'quantity': '200 g'}
[2025-05-22 17:03:27] Supabase Response: data=[{'name': 'Hummus', 'price': 0.94, 'category': 'carn', 'store_id': 'bonarea', 'quantity': '200 g', 'id': '611affd6-39d2-4cea-93bb-41715c3425c5', 'created_at': '2025-05-22T14:03:28.418515'}] count=None
[2025-05-22 17:03:27] ✅ Successfully inserted: Hummus
[2025-05-22 17:03:27] ✅ Hummus — 0.94 (200 g)
[2025-05-22 17:03:27] Attempting to insert product: {'name': 'Cap de llom filetejat a la planxa', 'price': 2.4, 'category': 'carn', 'store_id': 'bonarea', 'quantity': 'aprox. 198 g'}
[2025-05-22 17:03:27] Supabase Response: data=[{'name': 'Cap de llom filetejat a la planxa', 'price': 2.4, 'category': 'carn', 'store_id': 'bonarea', 'quantity': 'aprox. 198 g', 'id': 'f819b9f7-6f97-478f-85cd-f7792638adb0', 'created_at': '2025-05-22T14:03:29.050989'}] count=None
[2025-05-22 17:03:27] ✅ Successfully inserted: Cap de llom filetejat a la planxa
[2025-05-22 17:03:27] ✅ Cap de llom filetejat a la planxa — 2.4 (aprox. 198 g)
[2025-05-22 17:03:28] Attempting to insert product: {'name': "Conill d'espatlla d'anoll", 'price': 17.27, 'category': 'carn', 'store_id': 'bonarea', 'quantity': 'aprox. 1,6 kg'}
[2025-05-22 17:03:28] Supabase Response: data=[{'name': "Conill d'espatlla d'anoll", 'price': 17.27, 'category': 'carn', 'store_id': 'bonarea', 'quantity': 'aprox. 1,6 kg', 'id': 'bbc97b94-9eb0-4503-b2a4-b74e2ba3f5a8', 'created_at': '2025-05-22T14:03:29.645886'}] count=None
[2025-05-22 17:03:28] ✅ Successfully inserted: Conill d'espatlla d'anoll
[2025-05-22 17:03:28] ✅ Conill d'espatlla d'anoll — 17.27 (aprox. 1,6 kg)
[2025-05-22 17:03:28] Attempting to insert product: {'name': "Jarret d'anoll", 'price': 22.65, 'category': 'carn', 'store_id': 'bonarea', 'quantity': 'aprox. 2,0 kg'}
[2025-05-22 17:03:29] Supabase Response: data=[{'name': "Jarret d'anoll", 'price': 22.65, 'category': 'carn', 'store_id': 'bonarea', 'quantity': 'aprox. 2,0 kg', 'id': '98aa0586-cdad-43b1-817f-d491e8ee6b3c', 'created_at': '2025-05-22T14:03:30.377049'}] count=None
[2025-05-22 17:03:29] ✅ Successfully inserted: Jarret d'anoll
[2025-05-22 17:03:29] ✅ Jarret d'anoll — 22.65 (aprox. 2,0 kg)
[2025-05-22 17:03:29] Attempting to insert product: {'name': 'Mixt de bull negre i donegal', 'price': 1.1, 'category': 'carn', 'store_id': 'bonarea', 'quantity': 'aprox. 143 g'}
[2025-05-22 17:03:29] Supabase Response: data=[{'name': 'Mixt de bull negre i donegal', 'price': 1.1, 'category': 'carn', 'store_id': 'bonarea', 'quantity': 'aprox. 143 g', 'id': '3eb49664-7ffb-47cb-9c00-ffc8a7a55777', 'created_at': '2025-05-22T14:03:30.992233'}] count=None
[2025-05-22 17:03:29] ✅ Successfully inserted: Mixt de bull negre i donegal
[2025-05-22 17:03:29] ✅ Mixt de bull negre i donegal — 1.1 (aprox. 143 g)
[2025-05-22 17:03:30] Attempting to insert product: {'name': 'Càpsules Nescafé Dolce Gusto espresso intens', 'price': 4.25, 'category': 'carn', 'store_id': 'bonarea', 'quantity': '16 u.'}
[2025-05-22 17:03:30] Supabase Response: data=[{'name': 'Càpsules Nescafé Dolce Gusto espresso intens', 'price': 4.25, 'category': 'carn', 'store_id': 'bonarea', 'quantity': '16 u.', 'id': 'ef9f147c-0db2-4eea-815e-3616952c26e9', 'created_at': '2025-05-22T14:03:31.614133'}] count=None
[2025-05-22 17:03:30] ✅ Successfully inserted: Càpsules Nescafé Dolce Gusto espresso intens
[2025-05-22 17:03:30] ✅ Càpsules Nescafé Dolce Gusto espresso intens — 4.25 (16 u.)
[2025-05-22 17:03:30] Attempting to insert product: {'name': 'Salmó adults', 'price': 13.8, 'category': 'carn', 'store_id': 'bonarea', 'quantity': '10 kg'}
[2025-05-22 17:03:31] Supabase Response: data=[{'name': 'Salmó adults', 'price': 13.8, 'category': 'carn', 'store_id': 'bonarea', 'quantity': '10 kg', 'id': 'eebfa74a-5c3e-423f-9efb-6a45e40a16c1', 'created_at': '2025-05-22T14:03:32.158929'}] count=None
[2025-05-22 17:03:31] ✅ Successfully inserted: Salmó adults
[2025-05-22 17:03:31] ✅ Salmó adults — 13.8 (10 kg)
[2025-05-22 17:03:31] ⚠️ Already exists: Salmó adults
[2025-05-22 17:03:31] Attempting to insert product: {'name': 'Original adults', 'price': 13.6, 'category': 'carn', 'store_id': 'bonarea', 'quantity': '10 kg'}
[2025-05-22 17:03:31] Supabase Response: data=[{'name': 'Original adults', 'price': 13.6, 'category': 'carn', 'store_id': 'bonarea', 'quantity': '10 kg', 'id': 'c3ed931d-31ad-44ff-83e0-3dbe28cdef94', 'created_at': '2025-05-22T14:03:33.044534'}] count=None
[2025-05-22 17:03:31] ✅ Successfully inserted: Original adults
[2025-05-22 17:03:31] ✅ Original adults — 13.6 (10 kg)
[2025-05-22 17:03:32] ⚠️ Already exists: Original adults
[2025-05-22 17:03:32] Attempting to insert product: {'name': 'Junior 2-12 mesos', 'price': 15.9, 'category': 'carn', 'store_id': 'bonarea', 'quantity': '10 kg'}
[2025-05-22 17:03:32] Supabase Response: data=[{'name': 'Junior 2-12 mesos', 'price': 15.9, 'category': 'carn', 'store_id': 'bonarea', 'quantity': '10 kg', 'id': '057bb867-4a1c-4ac6-9605-f62df2352fe1', 'created_at': '2025-05-22T14:03:33.946721'}] count=None
[2025-05-22 17:03:32] ✅ Successfully inserted: Junior 2-12 mesos
[2025-05-22 17:03:32] ✅ Junior 2-12 mesos — 15.9 (10 kg)
[2025-05-22 17:03:33] ⚠️ Already exists: Junior 2-12 mesos
[2025-05-22 17:03:33] Attempting to insert product: {'name': 'Pit de pollastre groc sencer', 'price': 4.54, 'category': 'carn', 'store_id': 'bonarea', 'quantity': 'aprox. 693 g'}
[2025-05-22 17:03:33] Supabase Response: data=[{'name': 'Pit de pollastre groc sencer', 'price': 4.54, 'category': 'carn', 'store_id': 'bonarea', 'quantity': 'aprox. 693 g', 'id': '306d4f35-dafa-4b33-b89e-2c2ee3373aa9', 'created_at': '2025-05-22T14:03:34.86436'}] count=None
[2025-05-22 17:03:33] ✅ Successfully inserted: Pit de pollastre groc sencer
[2025-05-22 17:03:33] ✅ Pit de pollastre groc sencer — 4.54 (aprox. 693 g)
[2025-05-22 17:03:34] Attempting to insert product: {'name': 'Pernilets de pollastre groc', 'price': 3.64, 'category': 'carn', 'store_id': 'bonarea', 'quantity': 'aprox. 1,0 kg'}
[2025-05-22 17:03:34] Supabase Response: data=[{'name': 'Pernilets de pollastre groc', 'price': 3.64, 'category': 'carn', 'store_id': 'bonarea', 'quantity': 'aprox. 1,0 kg', 'id': '66363ccf-f4f2-488e-9707-b3b0e8ca008f', 'created_at': '2025-05-22T14:03:35.489063'}] count=None
[2025-05-22 17:03:34] ✅ Successfully inserted: Pernilets de pollastre groc
[2025-05-22 17:03:34] ✅ Pernilets de pollastre groc — 3.64 (aprox. 1,0 kg)
[2025-05-22 17:03:34] Attempting to insert product: {'name': 'Pit de pollastre blanc sencer', 'price': 4.68, 'category': 'carn', 'store_id': 'bonarea', 'quantity': 'aprox. 715 g'}
[2025-05-22 17:03:35] Supabase Response: data=[{'name': 'Pit de pollastre blanc sencer', 'price': 4.68, 'category': 'carn', 'store_id': 'bonarea', 'quantity': 'aprox. 715 g', 'id': 'f621e631-917c-43e3-ba75-c3cb2289cc99', 'created_at': '2025-05-22T14:03:36.208023'}] count=None
[2025-05-22 17:03:35] ✅ Successfully inserted: Pit de pollastre blanc sencer
[2025-05-22 17:03:35] ✅ Pit de pollastre blanc sencer — 4.68 (aprox. 715 g)
[2025-05-22 17:03:35] Attempting to insert product: {'name': 'Pernilets de pollastre blanc', 'price': 3.8, 'category': 'carn', 'store_id': 'bonarea', 'quantity': 'aprox. 1,1 kg'}
[2025-05-22 17:03:35] Supabase Response: data=[{'name': 'Pernilets de pollastre blanc', 'price': 3.8, 'category': 'carn', 'store_id': 'bonarea', 'quantity': 'aprox. 1,1 kg', 'id': '685b028f-0fdd-49af-a9a3-853837551548', 'created_at': '2025-05-22T14:03:36.913897'}] count=None
[2025-05-22 17:03:35] ✅ Successfully inserted: Pernilets de pollastre blanc
[2025-05-22 17:03:35] ✅ Pernilets de pollastre blanc — 3.8 (aprox. 1,1 kg)
[2025-05-22 17:03:36] Attempting to insert product: {'name': 'Pit de pollastre groc filetejat', 'price': 4.69, 'category': 'carn', 'store_id': 'bonarea', 'quantity': 'aprox. 660 g'}
[2025-05-22 17:03:36] Supabase Response: data=[{'name': 'Pit de pollastre groc filetejat', 'price': 4.69, 'category': 'carn', 'store_id': 'bonarea', 'quantity': 'aprox. 660 g', 'id': 'dffe61db-988f-48dc-8a53-b1721bcd4bf7', 'created_at': '2025-05-22T14:03:37.627092'}] count=None
[2025-05-22 17:03:36] ✅ Successfully inserted: Pit de pollastre groc filetejat
[2025-05-22 17:03:36] ✅ Pit de pollastre groc filetejat — 4.69 (aprox. 660 g)
[2025-05-22 17:03:36] Attempting to insert product: {'name': 'Pit de pollastre sencer 65% cereals', 'price': 4.57, 'category': 'carn', 'store_id': 'bonarea', 'quantity': 'aprox. 605 g'}
[2025-05-22 17:03:37] Supabase Response: data=[{'name': 'Pit de pollastre sencer 65% cereals', 'price': 4.57, 'category': 'carn', 'store_id': 'bonarea', 'quantity': 'aprox. 605 g', 'id': '37ca2cd1-2404-45cf-af52-1299116f56fc', 'created_at': '2025-05-22T14:03:38.238978'}] count=None
[2025-05-22 17:03:37] ✅ Successfully inserted: Pit de pollastre sencer 65% cereals
[2025-05-22 17:03:37] ✅ Pit de pollastre sencer 65% cereals — 4.57 (aprox. 605 g)
[2025-05-22 17:03:37] 🌐 Visiting: https://www.bonarea-online.com/online/carns-i-ous/pollastre
[2025-05-22 17:03:43] 🔄 Scroll 1/10 completed...
[2025-05-22 17:03:44] 🔄 Scroll 2/10 completed...
[2025-05-22 17:03:45] 🔄 Scroll 3/10 completed...
[2025-05-22 17:03:46] 🔄 Scroll 4/10 completed...
[2025-05-22 17:03:47] 🔄 Scroll 5/10 completed...
[2025-05-22 17:03:48] 🔄 Scroll 6/10 completed...
[2025-05-22 17:03:49] 🔄 Scroll 7/10 completed...
[2025-05-22 17:03:50] 🔄 Scroll 8/10 completed...
[2025-05-22 17:03:51] 🔄 Scroll 9/10 completed...
[2025-05-22 17:03:52] 🔄 Scroll 10/10 completed...
[2025-05-22 17:03:52] 🔎 Found 24 product(s) in category 'pollastre'
[2025-05-22 17:03:52] ⚠️ Already exists: Gaspatxo
[2025-05-22 17:03:53] ⚠️ Already exists: Salmorejo
[2025-05-22 17:03:53] ⚠️ Already exists: Gaspatxo bric
[2025-05-22 17:03:53] ⚠️ Already exists: Salmorejo bric
[2025-05-22 17:03:54] ⚠️ Already exists: Gaspatxo estil andalús
[2025-05-22 17:03:54] ⚠️ Already exists: Gaspatxo de maduixa
[2025-05-22 17:03:54] ⚠️ Already exists: Hummus
[2025-05-22 17:03:55] ⚠️ Already exists: Cap de llom filetejat a la planxa
[2025-05-22 17:03:55] ⚠️ Already exists: Conill d'espatlla d'anoll
[2025-05-22 17:03:55] ⚠️ Already exists: Jarret d'anoll
[2025-05-22 17:03:56] ⚠️ Already exists: Mixt de bull negre i donegal
[2025-05-22 17:03:56] ⚠️ Already exists: Càpsules Nescafé Dolce Gusto espresso intens
[2025-05-22 17:03:56] ⚠️ Already exists: Salmó adults
[2025-05-22 17:03:57] ⚠️ Already exists: Salmó adults
[2025-05-22 17:03:57] ⚠️ Already exists: Original adults
[2025-05-22 17:03:57] ⚠️ Already exists: Original adults
[2025-05-22 17:03:57] ⚠️ Already exists: Junior 2-12 mesos
[2025-05-22 17:03:58] ⚠️ Already exists: Junior 2-12 mesos
[2025-05-22 17:03:58] ⚠️ Already exists: Pit de pollastre groc sencer
[2025-05-22 17:03:58] ⚠️ Already exists: Pernilets de pollastre groc
[2025-05-22 17:03:59] ⚠️ Already exists: Pit de pollastre blanc sencer
[2025-05-22 17:03:59] ⚠️ Already exists: Pernilets de pollastre blanc
[2025-05-22 17:03:59] ⚠️ Already exists: Pit de pollastre groc filetejat
[2025-05-22 17:04:00] ⚠️ Already exists: Pit de pollastre sencer 65% cereals
[2025-05-22 17:04:00] 🌐 Visiting: https://www.bonarea-online.com/online/carns-i-ous/conill
[2025-05-22 17:04:06] 🔄 Scroll 1/10 completed...
[2025-05-22 17:04:07] 🔄 Scroll 2/10 completed...
[2025-05-22 17:04:08] 🔄 Scroll 3/10 completed...
[2025-05-22 17:04:09] 🔄 Scroll 4/10 completed...
[2025-05-22 17:04:10] 🔄 Scroll 5/10 completed...
[2025-05-22 17:04:11] 🔄 Scroll 6/10 completed...
[2025-05-22 17:04:12] 🔄 Scroll 7/10 completed...
[2025-05-22 17:04:13] 🔄 Scroll 8/10 completed...
[2025-05-22 17:04:14] 🔄 Scroll 9/10 completed...
[2025-05-22 17:04:15] 🔄 Scroll 10/10 completed...
[2025-05-22 17:04:15] 🔎 Found 24 product(s) in category 'conill'
[2025-05-22 17:04:16] ⚠️ Already exists: Gaspatxo
[2025-05-22 17:04:16] ⚠️ Already exists: Salmorejo
[2025-05-22 17:04:17] ⚠️ Already exists: Gaspatxo bric
[2025-05-22 17:04:17] ⚠️ Already exists: Salmorejo bric
[2025-05-22 17:04:17] ⚠️ Already exists: Gaspatxo estil andalús
[2025-05-22 17:04:18] ⚠️ Already exists: Gaspatxo de maduixa
[2025-05-22 17:04:18] ⚠️ Already exists: Hummus
[2025-05-22 17:04:18] ⚠️ Already exists: Cap de llom filetejat a la planxa
[2025-05-22 17:04:19] ⚠️ Already exists: Conill d'espatlla d'anoll
[2025-05-22 17:04:19] ⚠️ Already exists: Jarret d'anoll
[2025-05-22 17:04:19] ⚠️ Already exists: Mixt de bull negre i donegal
[2025-05-22 17:04:19] ⚠️ Already exists: Càpsules Nescafé Dolce Gusto espresso intens
[2025-05-22 17:04:20] ⚠️ Already exists: Salmó adults
[2025-05-22 17:04:20] ⚠️ Already exists: Salmó adults
[2025-05-22 17:04:20] ⚠️ Already exists: Original adults
[2025-05-22 17:04:21] ⚠️ Already exists: Original adults
[2025-05-22 17:04:21] ⚠️ Already exists: Junior 2-12 mesos
[2025-05-22 17:04:21] ⚠️ Already exists: Junior 2-12 mesos
[2025-05-22 17:04:22] ⚠️ Already exists: Pit de pollastre groc sencer
[2025-05-22 17:04:22] ⚠️ Already exists: Pernilets de pollastre groc
[2025-05-22 17:04:23] ⚠️ Already exists: Pit de pollastre blanc sencer
[2025-05-22 17:04:23] ⚠️ Already exists: Pernilets de pollastre blanc
[2025-05-22 17:04:23] ⚠️ Already exists: Pit de pollastre groc filetejat
[2025-05-22 17:04:24] ⚠️ Already exists: Pit de pollastre sencer 65% cereals
[2025-05-22 17:04:24] 🌐 Visiting: https://www.bonarea-online.com/online/carns-i-ous/porc
[2025-05-22 17:04:30] 🔄 Scroll 1/10 completed...
[2025-05-22 17:04:31] 🔄 Scroll 2/10 completed...
[2025-05-22 17:04:32] 🔄 Scroll 3/10 completed...
[2025-05-22 17:04:33] 🔄 Scroll 4/10 completed...
[2025-05-22 17:04:34] 🔄 Scroll 5/10 completed...
[2025-05-22 17:04:35] 🔄 Scroll 6/10 completed...
[2025-05-22 17:04:36] 🔄 Scroll 7/10 completed...
[2025-05-22 17:04:37] 🔄 Scroll 8/10 completed...
[2025-05-22 17:04:38] 🔄 Scroll 9/10 completed...
[2025-05-22 17:04:39] 🔄 Scroll 10/10 completed...
[2025-05-22 17:04:39] 🔎 Found 24 product(s) in category 'porc'
[2025-05-22 17:04:40] ⚠️ Already exists: Gaspatxo
[2025-05-22 17:04:40] ⚠️ Already exists: Salmorejo
[2025-05-22 17:04:40] ⚠️ Already exists: Gaspatxo bric
[2025-05-22 17:04:41] ⚠️ Already exists: Salmorejo bric
[2025-05-22 17:04:41] ⚠️ Already exists: Gaspatxo estil andalús
[2025-05-22 17:04:41] ⚠️ Already exists: Gaspatxo de maduixa
[2025-05-22 17:04:42] ⚠️ Already exists: Hummus
[2025-05-22 17:04:42] ⚠️ Already exists: Cap de llom filetejat a la planxa
[2025-05-22 17:04:42] ⚠️ Already exists: Conill d'espatlla d'anoll
[2025-05-22 17:04:43] ⚠️ Already exists: Jarret d'anoll
[2025-05-22 17:04:43] ⚠️ Already exists: Mixt de bull negre i donegal
[2025-05-22 17:04:43] ⚠️ Already exists: Càpsules Nescafé Dolce Gusto espresso intens
[2025-05-22 17:04:44] ⚠️ Already exists: Salmó adults
[2025-05-22 17:04:44] ⚠️ Already exists: Salmó adults
[2025-05-22 17:04:44] ⚠️ Already exists: Original adults
[2025-05-22 17:04:45] ⚠️ Already exists: Original adults
[2025-05-22 17:04:45] ⚠️ Already exists: Junior 2-12 mesos
[2025-05-22 17:04:45] ⚠️ Already exists: Junior 2-12 mesos
[2025-05-22 17:04:46] ⚠️ Already exists: Pit de pollastre groc sencer
[2025-05-22 17:04:46] ⚠️ Already exists: Pernilets de pollastre groc
[2025-05-22 17:04:46] ⚠️ Already exists: Pit de pollastre blanc sencer
[2025-05-22 17:04:47] ⚠️ Already exists: Pernilets de pollastre blanc
[2025-05-22 17:04:47] ⚠️ Already exists: Pit de pollastre groc filetejat
[2025-05-22 17:04:47] ⚠️ Already exists: Pit de pollastre sencer 65% cereals
[2025-05-22 17:04:48] 🌐 Visiting: https://www.bonarea-online.com/online/carns-i-ous/vedella
[2025-05-22 17:04:53] 🔄 Scroll 1/10 completed...
[2025-05-22 17:04:54] 🔄 Scroll 2/10 completed...
[2025-05-22 17:04:55] 🔄 Scroll 3/10 completed...
[2025-05-22 17:04:56] 🔄 Scroll 4/10 completed...
[2025-05-22 17:04:57] 🔄 Scroll 5/10 completed...
[2025-05-22 17:04:58] 🔄 Scroll 6/10 completed...
[2025-05-22 17:04:59] 🔄 Scroll 7/10 completed...
[2025-05-22 17:05:00] 🔄 Scroll 8/10 completed...
[2025-05-22 17:05:01] 🔄 Scroll 9/10 completed...
[2025-05-22 17:05:02] 🔄 Scroll 10/10 completed...
[2025-05-22 17:05:02] 🔎 Found 24 product(s) in category 'vedella'
[2025-05-22 17:05:03] ⚠️ Already exists: Gaspatxo
[2025-05-22 17:05:03] ⚠️ Already exists: Salmorejo
[2025-05-22 17:05:04] ⚠️ Already exists: Gaspatxo bric
[2025-05-22 17:05:04] ⚠️ Already exists: Salmorejo bric
[2025-05-22 17:05:04] ⚠️ Already exists: Gaspatxo estil andalús
[2025-05-22 17:05:05] ⚠️ Already exists: Gaspatxo de maduixa
[2025-05-22 17:05:05] ⚠️ Already exists: Hummus
[2025-05-22 17:05:05] ⚠️ Already exists: Cap de llom filetejat a la planxa
[2025-05-22 17:05:06] ⚠️ Already exists: Conill d'espatlla d'anoll
[2025-05-22 17:05:06] ⚠️ Already exists: Jarret d'anoll
[2025-05-22 17:05:06] ⚠️ Already exists: Mixt de bull negre i donegal
[2025-05-22 17:05:07] ⚠️ Already exists: Càpsules Nescafé Dolce Gusto espresso intens
[2025-05-22 17:05:07] ⚠️ Already exists: Salmó adults
[2025-05-22 17:05:07] ⚠️ Already exists: Salmó adults
[2025-05-22 17:05:08] ⚠️ Already exists: Original adults
[2025-05-22 17:05:08] ⚠️ Already exists: Original adults
[2025-05-22 17:05:08] ⚠️ Already exists: Junior 2-12 mesos
[2025-05-22 17:05:09] ⚠️ Already exists: Junior 2-12 mesos
[2025-05-22 17:05:09] ⚠️ Already exists: Pit de pollastre groc sencer
[2025-05-22 17:05:09] ⚠️ Already exists: Pernilets de pollastre groc
[2025-05-22 17:05:10] ⚠️ Already exists: Pit de pollastre blanc sencer
[2025-05-22 17:05:10] ⚠️ Already exists: Pernilets de pollastre blanc
[2025-05-22 17:05:10] ⚠️ Already exists: Pit de pollastre groc filetejat
[2025-05-22 17:05:11] ⚠️ Already exists: Pit de pollastre sencer 65% cereals
[2025-05-22 17:05:11] 🌐 Visiting: https://www.bonarea-online.com/online/lactics-i-derivats
[2025-05-22 17:05:17] 🔄 Scroll 1/10 completed...
[2025-05-22 17:05:18] 🔄 Scroll 2/10 completed...
[2025-05-22 17:05:19] 🔄 Scroll 3/10 completed...
[2025-05-22 17:05:20] 🔄 Scroll 4/10 completed...
[2025-05-22 17:05:21] 🔄 Scroll 5/10 completed...
[2025-05-22 17:05:22] 🔄 Scroll 6/10 completed...
[2025-05-22 17:05:23] 🔄 Scroll 7/10 completed...
[2025-05-22 17:05:24] 🔄 Scroll 8/10 completed...
[2025-05-22 17:05:25] 🔄 Scroll 9/10 completed...
[2025-05-22 17:05:26] 🔄 Scroll 10/10 completed...
[2025-05-22 17:05:26] 🔎 Found 24 product(s) in category 'lactis'
[2025-05-22 17:05:27] ⚠️ Already exists: Gaspatxo
[2025-05-22 17:05:27] ⚠️ Already exists: Salmorejo
[2025-05-22 17:05:27] ⚠️ Already exists: Gaspatxo bric
[2025-05-22 17:05:27] ⚠️ Already exists: Salmorejo bric
[2025-05-22 17:05:28] ⚠️ Already exists: Gaspatxo estil andalús
[2025-05-22 17:05:28] ⚠️ Already exists: Gaspatxo de maduixa
[2025-05-22 17:05:28] ⚠️ Already exists: Hummus
[2025-05-22 17:05:29] ⚠️ Already exists: Cap de llom filetejat a la planxa
[2025-05-22 17:05:29] ⚠️ Already exists: Conill d'espatlla d'anoll
[2025-05-22 17:05:29] ⚠️ Already exists: Jarret d'anoll
[2025-05-22 17:05:30] ⚠️ Already exists: Mixt de bull negre i donegal
[2025-05-22 17:05:30] ⚠️ Already exists: Càpsules Nescafé Dolce Gusto espresso intens
[2025-05-22 17:05:30] ⚠️ Already exists: Salmó adults
[2025-05-22 17:05:31] ⚠️ Already exists: Salmó adults
[2025-05-22 17:05:31] ⚠️ Already exists: Original adults
[2025-05-22 17:05:31] ⚠️ Already exists: Original adults
[2025-05-22 17:05:31] ⚠️ Already exists: Junior 2-12 mesos
[2025-05-22 17:05:32] ⚠️ Already exists: Junior 2-12 mesos
[2025-05-22 17:05:32] ⚠️ Already exists: Pit de pollastre groc sencer
[2025-05-22 17:05:33] ⚠️ Already exists: Pernilets de pollastre groc
[2025-05-22 17:05:33] ⚠️ Already exists: Pit de pollastre blanc sencer
[2025-05-22 17:05:33] ⚠️ Already exists: Pernilets de pollastre blanc
[2025-05-22 17:05:33] ⚠️ Already exists: Pit de pollastre groc filetejat
[2025-05-22 17:05:34] ⚠️ Already exists: Pit de pollastre sencer 65% cereals
[2025-05-22 17:05:35] 🌐 Visiting: https://www.bonarea-online.com/online/embotits-i-xarcuteria
[2025-05-22 17:05:41] 🔄 Scroll 1/10 completed...
[2025-05-22 17:05:42] 🔄 Scroll 2/10 completed...
[2025-05-22 17:05:43] 🔄 Scroll 3/10 completed...
[2025-05-22 17:05:44] 🔄 Scroll 4/10 completed...
[2025-05-22 17:05:45] 🔄 Scroll 5/10 completed...
[2025-05-22 17:05:46] 🔄 Scroll 6/10 completed...
[2025-05-22 17:05:47] 🔄 Scroll 7/10 completed...
[2025-05-22 17:05:48] 🔄 Scroll 8/10 completed...
[2025-05-22 17:05:49] 🔄 Scroll 9/10 completed...
[2025-05-22 17:05:50] 🔄 Scroll 10/10 completed...
[2025-05-22 17:05:50] 🔎 Found 24 product(s) in category 'embotits'
[2025-05-22 17:05:50] ⚠️ Already exists: Gaspatxo
[2025-05-22 17:05:51] ⚠️ Already exists: Salmorejo
[2025-05-22 17:05:51] ⚠️ Already exists: Gaspatxo bric
[2025-05-22 17:05:51] ⚠️ Already exists: Salmorejo bric
[2025-05-22 17:05:52] ⚠️ Already exists: Gaspatxo estil andalús
[2025-05-22 17:05:52] ⚠️ Already exists: Gaspatxo de maduixa
[2025-05-22 17:05:52] ⚠️ Already exists: Hummus
[2025-05-22 17:05:52] ⚠️ Already exists: Cap de llom filetejat a la planxa
[2025-05-22 17:05:53] ⚠️ Already exists: Conill d'espatlla d'anoll
[2025-05-22 17:05:53] ⚠️ Already exists: Jarret d'anoll
[2025-05-22 17:05:54] ⚠️ Already exists: Mixt de bull negre i donegal
[2025-05-22 17:05:54] ⚠️ Already exists: Càpsules Nescafé Dolce Gusto espresso intens
[2025-05-22 17:05:54] ⚠️ Already exists: Salmó adults
[2025-05-22 17:05:55] ⚠️ Already exists: Salmó adults
[2025-05-22 17:05:55] ⚠️ Already exists: Original adults
[2025-05-22 17:05:55] ⚠️ Already exists: Original adults
[2025-05-22 17:05:56] ⚠️ Already exists: Junior 2-12 mesos
[2025-05-22 17:05:56] ⚠️ Already exists: Junior 2-12 mesos
[2025-05-22 17:05:56] ⚠️ Already exists: Pit de pollastre groc sencer
[2025-05-22 17:05:56] ⚠️ Already exists: Pernilets de pollastre groc
[2025-05-22 17:05:57] ⚠️ Already exists: Pit de pollastre blanc sencer
[2025-05-22 17:05:57] ⚠️ Already exists: Pernilets de pollastre blanc
[2025-05-22 17:05:57] ⚠️ Already exists: Pit de pollastre groc filetejat
[2025-05-22 17:05:58] ⚠️ Already exists: Pit de pollastre sencer 65% cereals
[2025-05-22 17:05:59] 🌐 Visiting: https://www.bonarea-online.com/online/begudes/begudes
[2025-05-22 17:06:04] 🔄 Scroll 1/10 completed...
[2025-05-22 17:06:05] 🔄 Scroll 2/10 completed...
[2025-05-22 17:06:06] 🔄 Scroll 3/10 completed...
[2025-05-22 17:06:07] 🔄 Scroll 4/10 completed...
[2025-05-22 17:06:08] 🔄 Scroll 5/10 completed...
[2025-05-22 17:06:09] 🔄 Scroll 6/10 completed...
[2025-05-22 17:06:10] 🔄 Scroll 7/10 completed...
[2025-05-22 17:06:11] 🔄 Scroll 8/10 completed...
[2025-05-22 17:06:12] 🔄 Scroll 9/10 completed...
[2025-05-22 17:06:13] 🔄 Scroll 10/10 completed...
[2025-05-22 17:06:13] 🔎 Found 24 product(s) in category 'begudes'
[2025-05-22 17:06:14] ⚠️ Already exists: Gaspatxo
[2025-05-22 17:06:14] ⚠️ Already exists: Salmorejo
[2025-05-22 17:06:14] ⚠️ Already exists: Gaspatxo bric
[2025-05-22 17:06:14] ⚠️ Already exists: Salmorejo bric
[2025-05-22 17:06:15] ⚠️ Already exists: Gaspatxo estil andalús
[2025-05-22 17:06:15] ⚠️ Already exists: Gaspatxo de maduixa
[2025-05-22 17:06:15] ⚠️ Already exists: Hummus
[2025-05-22 17:06:16] ⚠️ Already exists: Cap de llom filetejat a la planxa
[2025-05-22 17:06:16] ⚠️ Already exists: Conill d'espatlla d'anoll
[2025-05-22 17:06:16] ⚠️ Already exists: Jarret d'anoll
[2025-05-22 17:06:17] ⚠️ Already exists: Mixt de bull negre i donegal
[2025-05-22 17:06:17] ⚠️ Already exists: Càpsules Nescafé Dolce Gusto espresso intens
[2025-05-22 17:06:17] ⚠️ Already exists: Salmó adults
[2025-05-22 17:06:18] ⚠️ Already exists: Salmó adults
[2025-05-22 17:06:18] ⚠️ Already exists: Original adults
[2025-05-22 17:06:18] ⚠️ Already exists: Original adults
[2025-05-22 17:06:18] ⚠️ Already exists: Junior 2-12 mesos
[2025-05-22 17:06:19] ⚠️ Already exists: Junior 2-12 mesos
[2025-05-22 17:06:19] ⚠️ Already exists: Pit de pollastre groc sencer
[2025-05-22 17:06:19] ⚠️ Already exists: Pernilets de pollastre groc
[2025-05-22 17:06:20] ⚠️ Already exists: Pit de pollastre blanc sencer
[2025-05-22 17:06:20] ⚠️ Already exists: Pernilets de pollastre blanc
[2025-05-22 17:06:20] ⚠️ Already exists: Pit de pollastre groc filetejat
[2025-05-22 17:06:21] ⚠️ Already exists: Pit de pollastre sencer 65% cereals
[2025-05-22 17:06:21] 🌐 Visiting: https://www.bonarea-online.com/online/plats-preparats
[2025-05-22 17:06:27] 🔄 Scroll 1/10 completed...
[2025-05-22 17:06:28] 🔄 Scroll 2/10 completed...
[2025-05-22 17:06:29] 🔄 Scroll 3/10 completed...
[2025-05-22 17:06:30] 🔄 Scroll 4/10 completed...
[2025-05-22 17:06:31] 🔄 Scroll 5/10 completed...
[2025-05-22 17:06:32] 🔄 Scroll 6/10 completed...
[2025-05-22 17:06:33] 🔄 Scroll 7/10 completed...
[2025-05-22 17:06:34] 🔄 Scroll 8/10 completed...
[2025-05-22 17:06:35] 🔄 Scroll 9/10 completed...
[2025-05-22 17:11:39] 🔄 Scroll 10/10 completed...
[2025-05-22 17:11:41] 🔎 Found 24 product(s) in category 'plats'
[2025-05-22 17:11:44] ⚠️ Already exists: Gaspatxo
[2025-05-22 17:11:45] ⚠️ Already exists: Salmorejo
[2025-05-22 17:11:45] ⚠️ Already exists: Gaspatxo bric
[2025-05-22 17:11:45] ⚠️ Already exists: Salmorejo bric
[2025-05-22 17:11:45] ⚠️ Already exists: Gaspatxo estil andalús
[2025-05-22 17:11:46] ⚠️ Already exists: Gaspatxo de maduixa
[2025-05-22 17:11:46] ⚠️ Already exists: Hummus
[2025-05-22 17:11:46] ⚠️ Already exists: Cap de llom filetejat a la planxa
[2025-05-22 17:11:47] ⚠️ Already exists: Conill d'espatlla d'anoll
[2025-05-22 17:11:47] ⚠️ Already exists: Jarret d'anoll
[2025-05-22 17:11:47] ⚠️ Already exists: Mixt de bull negre i donegal
[2025-05-22 17:11:48] ⚠️ Already exists: Càpsules Nescafé Dolce Gusto espresso intens
[2025-05-22 17:11:48] ⚠️ Already exists: Salmó adults
[2025-05-22 17:11:48] ⚠️ Already exists: Salmó adults
[2025-05-22 17:11:48] ⚠️ Already exists: Original adults
[2025-05-22 17:11:49] ⚠️ Already exists: Original adults
[2025-05-22 17:11:49] ⚠️ Already exists: Junior 2-12 mesos
[2025-05-22 17:11:49] ⚠️ Already exists: Junior 2-12 mesos
[2025-05-22 17:11:50] ⚠️ Already exists: Pit de pollastre groc sencer
[2025-05-22 17:11:50] ⚠️ Already exists: Pernilets de pollastre groc
[2025-05-22 17:11:50] ⚠️ Already exists: Pit de pollastre blanc sencer
[2025-05-22 17:11:51] ⚠️ Already exists: Pernilets de pollastre blanc
[2025-05-22 17:11:51] ⚠️ Already exists: Pit de pollastre groc filetejat
[2025-05-22 17:11:51] ⚠️ Already exists: Pit de pollastre sencer 65% cereals
[2025-05-22 17:11:52] 🌐 Visiting: https://www.bonarea-online.com/online/congelats
[2025-05-22 17:12:00] 🔄 Scroll 1/10 completed...
[2025-05-22 17:12:01] 🔄 Scroll 2/10 completed...
[2025-05-22 17:12:02] 🔄 Scroll 3/10 completed...
[2025-05-22 17:12:03] 🔄 Scroll 4/10 completed...
[2025-05-22 17:12:04] 🔄 Scroll 5/10 completed...
[2025-05-22 17:12:05] 🔄 Scroll 6/10 completed...
[2025-05-22 17:12:06] 🔄 Scroll 7/10 completed...
[2025-05-22 17:12:07] 🔄 Scroll 8/10 completed...
[2025-05-22 17:12:08] 🔄 Scroll 9/10 completed...
[2025-05-22 17:12:09] 🔄 Scroll 10/10 completed...
[2025-05-22 17:12:09] 🔎 Found 24 product(s) in category 'congelats'
[2025-05-22 17:12:09] ⚠️ Already exists: Gaspatxo
[2025-05-22 17:12:10] ⚠️ Already exists: Salmorejo
[2025-05-22 17:12:10] ⚠️ Already exists: Gaspatxo bric
[2025-05-22 17:12:10] ⚠️ Already exists: Salmorejo bric
[2025-05-22 17:12:11] ⚠️ Already exists: Gaspatxo estil andalús
[2025-05-22 17:12:11] ⚠️ Already exists: Gaspatxo de maduixa
[2025-05-22 17:12:11] ⚠️ Already exists: Hummus
[2025-05-22 17:12:12] ⚠️ Already exists: Cap de llom filetejat a la planxa
[2025-05-22 17:12:12] ⚠️ Already exists: Conill d'espatlla d'anoll
[2025-05-22 17:12:12] ⚠️ Already exists: Jarret d'anoll
[2025-05-22 17:12:13] ⚠️ Already exists: Mixt de bull negre i donegal
[2025-05-22 17:12:13] ⚠️ Already exists: Càpsules Nescafé Dolce Gusto espresso intens
[2025-05-22 17:12:13] ⚠️ Already exists: Salmó adults
[2025-05-22 17:12:14] ⚠️ Already exists: Salmó adults
[2025-05-22 17:12:14] ⚠️ Already exists: Original adults
[2025-05-22 17:12:14] ⚠️ Already exists: Original adults
[2025-05-22 17:12:15] ⚠️ Already exists: Junior 2-12 mesos
[2025-05-22 17:12:15] ⚠️ Already exists: Junior 2-12 mesos
[2025-05-22 17:12:15] ⚠️ Already exists: Pit de pollastre groc sencer
[2025-05-22 17:12:16] ⚠️ Already exists: Pernilets de pollastre groc
[2025-05-22 17:12:16] ⚠️ Already exists: Pit de pollastre blanc sencer
[2025-05-22 17:12:16] ⚠️ Already exists: Pernilets de pollastre blanc
[2025-05-22 17:12:16] ⚠️ Already exists: Pit de pollastre groc filetejat
[2025-05-22 17:12:17] ⚠️ Already exists: Pit de pollastre sencer 65% cereals
[2025-05-22 17:12:18] 🌐 Visiting: https://www.bonarea-online.com/online/postres-i-dolcos
[2025-05-22 17:12:23] 🔄 Scroll 1/10 completed...
[2025-05-22 17:12:24] 🔄 Scroll 2/10 completed...
[2025-05-22 17:12:25] 🔄 Scroll 3/10 completed...
[2025-05-22 17:12:26] 🔄 Scroll 4/10 completed...
[2025-05-22 17:12:27] 🔄 Scroll 5/10 completed...
[2025-05-22 17:12:28] 🔄 Scroll 6/10 completed...
[2025-05-22 17:12:29] 🔄 Scroll 7/10 completed...
[2025-05-22 17:12:30] 🔄 Scroll 8/10 completed...
[2025-05-22 17:12:31] 🔄 Scroll 9/10 completed...
[2025-05-22 17:12:32] 🔄 Scroll 10/10 completed...
[2025-05-22 17:12:32] 🔎 Found 24 product(s) in category 'postres'
[2025-05-22 17:12:33] ⚠️ Already exists: Gaspatxo
[2025-05-22 17:12:33] ⚠️ Already exists: Salmorejo
[2025-05-22 17:12:33] ⚠️ Already exists: Gaspatxo bric
[2025-05-22 17:12:33] ⚠️ Already exists: Salmorejo bric
[2025-05-22 17:12:34] ⚠️ Already exists: Gaspatxo estil andalús
[2025-05-22 17:12:34] ⚠️ Already exists: Gaspatxo de maduixa
[2025-05-22 17:12:35] ⚠️ Already exists: Hummus
[2025-05-22 17:12:35] ⚠️ Already exists: Cap de llom filetejat a la planxa
[2025-05-22 17:12:35] ⚠️ Already exists: Conill d'espatlla d'anoll
[2025-05-22 17:12:35] ⚠️ Already exists: Jarret d'anoll
[2025-05-22 17:12:36] ⚠️ Already exists: Mixt de bull negre i donegal
[2025-05-22 17:12:36] ⚠️ Already exists: Càpsules Nescafé Dolce Gusto espresso intens
[2025-05-22 17:12:36] ⚠️ Already exists: Salmó adults
[2025-05-22 17:12:37] ⚠️ Already exists: Salmó adults
[2025-05-22 17:12:37] ⚠️ Already exists: Original adults
[2025-05-22 17:12:37] ⚠️ Already exists: Original adults
[2025-05-22 17:12:38] ⚠️ Already exists: Junior 2-12 mesos
[2025-05-22 17:12:38] ⚠️ Already exists: Junior 2-12 mesos
[2025-05-22 17:12:38] ⚠️ Already exists: Pit de pollastre groc sencer
[2025-05-22 17:12:39] ⚠️ Already exists: Pernilets de pollastre groc
[2025-05-22 17:12:39] ⚠️ Already exists: Pit de pollastre blanc sencer
[2025-05-22 17:12:39] ⚠️ Already exists: Pernilets de pollastre blanc
[2025-05-22 17:12:40] ⚠️ Already exists: Pit de pollastre groc filetejat
[2025-05-22 17:12:40] ⚠️ Already exists: Pit de pollastre sencer 65% cereals
[2025-05-22 17:12:41] 🌐 Visiting: https://www.bonarea-online.com/online/pa-i-brioxeria
[2025-05-22 17:12:46] 🔄 Scroll 1/10 completed...
[2025-05-22 17:12:47] 🔄 Scroll 2/10 completed...
[2025-05-22 17:12:48] 🔄 Scroll 3/10 completed...
[2025-05-22 17:12:49] 🔄 Scroll 4/10 completed...
[2025-05-22 17:12:50] 🔄 Scroll 5/10 completed...
[2025-05-22 17:12:51] 🔄 Scroll 6/10 completed...
[2025-05-22 17:12:52] 🔄 Scroll 7/10 completed...
[2025-05-22 17:12:53] 🔄 Scroll 8/10 completed...
[2025-05-22 17:12:54] 🔄 Scroll 9/10 completed...
[2025-05-22 17:12:55] 🔄 Scroll 10/10 completed...
[2025-05-22 17:12:55] 🔎 Found 24 product(s) in category 'pa'
[2025-05-22 17:12:56] ⚠️ Already exists: Gaspatxo
[2025-05-22 17:12:56] ⚠️ Already exists: Salmorejo
[2025-05-22 17:12:56] ⚠️ Already exists: Gaspatxo bric
[2025-05-22 17:12:57] ⚠️ Already exists: Salmorejo bric
[2025-05-22 17:12:57] ⚠️ Already exists: Gaspatxo estil andalús
[2025-05-22 17:12:57] ⚠️ Already exists: Gaspatxo de maduixa
[2025-05-22 17:12:58] ⚠️ Already exists: Hummus
[2025-05-22 17:12:58] ⚠️ Already exists: Cap de llom filetejat a la planxa
[2025-05-22 17:12:58] ⚠️ Already exists: Conill d'espatlla d'anoll
[2025-05-22 17:12:59] ⚠️ Already exists: Jarret d'anoll
[2025-05-22 17:12:59] ⚠️ Already exists: Mixt de bull negre i donegal
[2025-05-22 17:12:59] ⚠️ Already exists: Càpsules Nescafé Dolce Gusto espresso intens
[2025-05-22 17:13:00] ⚠️ Already exists: Salmó adults
[2025-05-22 17:13:00] ⚠️ Already exists: Salmó adults
[2025-05-22 17:13:00] ⚠️ Already exists: Original adults
[2025-05-22 17:13:01] ⚠️ Already exists: Original adults
[2025-05-22 17:13:01] ⚠️ Already exists: Junior 2-12 mesos
[2025-05-22 17:13:01] ⚠️ Already exists: Junior 2-12 mesos
[2025-05-22 17:13:02] ⚠️ Already exists: Pit de pollastre groc sencer
[2025-05-22 17:13:02] ⚠️ Already exists: Pernilets de pollastre groc
[2025-05-22 17:13:02] ⚠️ Already exists: Pit de pollastre blanc sencer
[2025-05-22 17:13:03] ⚠️ Already exists: Pernilets de pollastre blanc
[2025-05-22 17:13:03] ⚠️ Already exists: Pit de pollastre groc filetejat
[2025-05-22 17:13:03] ⚠️ Already exists: Pit de pollastre sencer 65% cereals
[2025-05-22 17:13:04] 🌐 Visiting: https://www.bonarea-online.com/online/verdures-i-hortalisses
[2025-05-22 17:13:09] 🔄 Scroll 1/10 completed...
[2025-05-22 17:13:10] 🔄 Scroll 2/10 completed...
[2025-05-22 17:13:11] 🔄 Scroll 3/10 completed...
[2025-05-22 17:13:12] 🔄 Scroll 4/10 completed...
[2025-05-22 17:13:13] 🔄 Scroll 5/10 completed...
[2025-05-22 17:13:14] 🔄 Scroll 6/10 completed...
[2025-05-22 17:13:15] 🔄 Scroll 7/10 completed...
[2025-05-22 17:13:16] 🔄 Scroll 8/10 completed...
[2025-05-22 17:13:17] 🔄 Scroll 9/10 completed...
[2025-05-22 17:13:19] 🔄 Scroll 10/10 completed...
[2025-05-22 17:13:19] 🔎 Found 24 product(s) in category 'verdures'
[2025-05-22 17:13:19] ⚠️ Already exists: Gaspatxo
[2025-05-22 17:13:20] ⚠️ Already exists: Salmorejo
[2025-05-22 17:13:20] ⚠️ Already exists: Gaspatxo bric
[2025-05-22 17:13:20] ⚠️ Already exists: Salmorejo bric
[2025-05-22 17:13:20] ⚠️ Already exists: Gaspatxo estil andalús
[2025-05-22 17:13:21] ⚠️ Already exists: Gaspatxo de maduixa
[2025-05-22 17:13:21] ⚠️ Already exists: Hummus
[2025-05-22 17:13:21] ⚠️ Already exists: Cap de llom filetejat a la planxa
[2025-05-22 17:13:22] ⚠️ Already exists: Conill d'espatlla d'anoll
[2025-05-22 17:13:22] ⚠️ Already exists: Jarret d'anoll
[2025-05-22 17:13:22] ⚠️ Already exists: Mixt de bull negre i donegal
[2025-05-22 17:13:23] ⚠️ Already exists: Càpsules Nescafé Dolce Gusto espresso intens
[2025-05-22 17:13:23] ⚠️ Already exists: Salmó adults
[2025-05-22 17:13:23] ⚠️ Already exists: Salmó adults
[2025-05-22 17:13:24] ⚠️ Already exists: Original adults
[2025-05-22 17:13:24] ⚠️ Already exists: Original adults
[2025-05-22 17:13:24] ⚠️ Already exists: Junior 2-12 mesos
[2025-05-22 17:13:25] ⚠️ Already exists: Junior 2-12 mesos
[2025-05-22 17:13:25] ⚠️ Already exists: Pit de pollastre groc sencer
[2025-05-22 17:13:26] ⚠️ Already exists: Pernilets de pollastre groc
[2025-05-22 17:13:26] ⚠️ Already exists: Pit de pollastre blanc sencer
[2025-05-22 17:13:26] ⚠️ Already exists: Pernilets de pollastre blanc
[2025-05-22 17:13:27] ⚠️ Already exists: Pit de pollastre groc filetejat
[2025-05-22 17:13:27] ⚠️ Already exists: Pit de pollastre sencer 65% cereals
[2025-05-22 17:13:28] 🌐 Visiting: https://www.bonarea-online.com/online/fruites
[2025-05-22 17:13:33] 🔄 Scroll 1/10 completed...
[2025-05-22 17:13:34] 🔄 Scroll 2/10 completed...
[2025-05-22 17:13:35] 🔄 Scroll 3/10 completed...
[2025-05-22 17:13:36] 🔄 Scroll 4/10 completed...
[2025-05-22 17:13:37] 🔄 Scroll 5/10 completed...
[2025-05-22 17:13:38] 🔄 Scroll 6/10 completed...
[2025-05-22 17:13:39] 🔄 Scroll 7/10 completed...
[2025-05-22 17:13:40] 🔄 Scroll 8/10 completed...
[2025-05-22 17:13:41] 🔄 Scroll 9/10 completed...
[2025-05-22 17:13:42] 🔄 Scroll 10/10 completed...
[2025-05-22 17:13:42] 🔎 Found 24 product(s) in category 'fruites'
[2025-05-22 17:13:43] ⚠️ Already exists: Gaspatxo
[2025-05-22 17:13:43] ⚠️ Already exists: Salmorejo
[2025-05-22 17:13:44] ⚠️ Already exists: Gaspatxo bric
[2025-05-22 17:13:44] ⚠️ Already exists: Salmorejo bric
[2025-05-22 17:13:44] ⚠️ Already exists: Gaspatxo estil andalús
[2025-05-22 17:13:44] ⚠️ Already exists: Gaspatxo de maduixa
[2025-05-22 17:13:45] ⚠️ Already exists: Hummus
[2025-05-22 17:13:45] ⚠️ Already exists: Cap de llom filetejat a la planxa
[2025-05-22 17:13:45] ⚠️ Already exists: Conill d'espatlla d'anoll
[2025-05-22 17:13:46] ⚠️ Already exists: Jarret d'anoll
[2025-05-22 17:13:46] ⚠️ Already exists: Mixt de bull negre i donegal
[2025-05-22 17:13:46] ⚠️ Already exists: Càpsules Nescafé Dolce Gusto espresso intens
[2025-05-22 17:13:47] ⚠️ Already exists: Salmó adults
[2025-05-22 17:13:47] ⚠️ Already exists: Salmó adults
[2025-05-22 17:13:47] ⚠️ Already exists: Original adults
[2025-05-22 17:13:48] ⚠️ Already exists: Original adults
[2025-05-22 17:13:48] ⚠️ Already exists: Junior 2-12 mesos
[2025-05-22 17:13:48] ⚠️ Already exists: Junior 2-12 mesos
[2025-05-22 17:13:49] ⚠️ Already exists: Pit de pollastre groc sencer
[2025-05-22 17:13:49] ⚠️ Already exists: Pernilets de pollastre groc
[2025-05-22 17:13:49] ⚠️ Already exists: Pit de pollastre blanc sencer
[2025-05-22 17:13:50] ⚠️ Already exists: Pernilets de pollastre blanc
[2025-05-22 17:13:50] ⚠️ Already exists: Pit de pollastre groc filetejat
[2025-05-22 17:13:50] ⚠️ Already exists: Pit de pollastre sencer 65% cereals
[2025-05-22 17:13:51] 🌐 Visiting: https://www.bonarea-online.com/online/peix-i-marisc
[2025-05-22 17:13:56] 🔄 Scroll 1/10 completed...
[2025-05-22 17:13:57] 🔄 Scroll 2/10 completed...
[2025-05-22 17:13:58] 🔄 Scroll 3/10 completed...
[2025-05-22 17:13:59] 🔄 Scroll 4/10 completed...
[2025-05-22 17:14:00] 🔄 Scroll 5/10 completed...
[2025-05-22 17:14:01] 🔄 Scroll 6/10 completed...
[2025-05-22 17:14:02] 🔄 Scroll 7/10 completed...
[2025-05-22 17:14:03] 🔄 Scroll 8/10 completed...
[2025-05-22 17:14:04] 🔄 Scroll 9/10 completed...
[2025-05-22 17:14:05] 🔄 Scroll 10/10 completed...
[2025-05-22 17:14:05] 🔎 Found 24 product(s) in category 'peix'
[2025-05-22 17:14:06] ⚠️ Already exists: Gaspatxo
[2025-05-22 17:14:06] ⚠️ Already exists: Salmorejo
[2025-05-22 17:14:06] ⚠️ Already exists: Gaspatxo bric
[2025-05-22 17:14:07] ⚠️ Already exists: Salmorejo bric
[2025-05-22 17:14:07] ⚠️ Already exists: Gaspatxo estil andalús
[2025-05-22 17:14:07] ⚠️ Already exists: Gaspatxo de maduixa
[2025-05-22 17:14:08] ⚠️ Already exists: Hummus
[2025-05-22 17:14:08] ⚠️ Already exists: Cap de llom filetejat a la planxa
[2025-05-22 17:14:09] ⚠️ Already exists: Conill d'espatlla d'anoll
[2025-05-22 17:14:09] ⚠️ Already exists: Jarret d'anoll
[2025-05-22 17:14:09] ⚠️ Already exists: Mixt de bull negre i donegal
[2025-05-22 17:14:10] ⚠️ Already exists: Càpsules Nescafé Dolce Gusto espresso intens
[2025-05-22 17:14:10] ⚠️ Already exists: Salmó adults
[2025-05-22 17:14:10] ⚠️ Already exists: Salmó adults
[2025-05-22 17:14:10] ⚠️ Already exists: Original adults
[2025-05-22 17:14:11] ⚠️ Already exists: Original adults
[2025-05-22 17:14:11] ⚠️ Already exists: Junior 2-12 mesos
[2025-05-22 17:14:11] ⚠️ Already exists: Junior 2-12 mesos
[2025-05-22 17:14:12] ⚠️ Already exists: Pit de pollastre groc sencer
[2025-05-22 17:14:12] ⚠️ Already exists: Pernilets de pollastre groc
[2025-05-22 17:14:13] ⚠️ Already exists: Pit de pollastre blanc sencer
[2025-05-22 17:14:13] ⚠️ Already exists: Pernilets de pollastre blanc
[2025-05-22 17:14:13] ⚠️ Already exists: Pit de pollastre groc filetejat
[2025-05-22 17:14:14] ⚠️ Already exists: Pit de pollastre sencer 65% cereals
[2025-05-22 17:14:14] 🌐 Visiting: https://www.bonarea-online.com/online/alimentacio-infantil
[2025-05-22 17:14:31] 🌐 Visiting: https://www.bonarea-online.com/online/carns-i-ous
[2025-05-22 17:14:36] 🔄 Scroll 1/20 — Products loaded: 24
[2025-05-22 17:14:37] 🔄 Scroll 2/20 — Products loaded: 24
[2025-05-22 17:14:37] 🛑 No new products loaded. Stopping scroll.
[2025-05-22 17:14:37] 🔎 Found 24 product(s) in category 'carn'
[2025-05-22 17:14:38] Attempting to insert product: {'name': 'Gaspatxo', 'price': 2.85, 'category': 'carn', 'store_id': 'bonarea', 'quantity': '1 l'}
[2025-05-22 17:14:38] Supabase Response: data=[{'name': 'Gaspatxo', 'price': 2.85, 'category': 'carn', 'store_id': 'bonarea', 'quantity': '1 l', 'id': '6192c14b-5239-46f7-b96c-95f5741fb303', 'created_at': '2025-05-22T14:14:39.797681'}] count=None
[2025-05-22 17:14:38] ✅ Successfully inserted: Gaspatxo
[2025-05-22 17:14:38] ✅ Gaspatxo — 2.85 (1 l)
[2025-05-22 17:14:39] Attempting to insert product: {'name': 'Salmorejo', 'price': 3.15, 'category': 'carn', 'store_id': 'bonarea', 'quantity': '1 l'}
[2025-05-22 17:14:39] Supabase Response: data=[{'name': 'Salmorejo', 'price': 3.15, 'category': 'carn', 'store_id': 'bonarea', 'quantity': '1 l', 'id': '7d71c266-0e77-4019-9460-0ba1b04077f3', 'created_at': '2025-05-22T14:14:40.485888'}] count=None
[2025-05-22 17:14:39] ✅ Successfully inserted: Salmorejo
[2025-05-22 17:14:39] ✅ Salmorejo — 3.15 (1 l)
[2025-05-22 17:14:39] Attempting to insert product: {'name': 'Gaspatxo bric', 'price': 1.95, 'category': 'carn', 'store_id': 'bonarea', 'quantity': '1 l'}
[2025-05-22 17:14:39] Supabase Response: data=[{'name': 'Gaspatxo bric', 'price': 1.95, 'category': 'carn', 'store_id': 'bonarea', 'quantity': '1 l', 'id': 'f0b95653-a64f-44af-9aa4-07ae17d1c2b5', 'created_at': '2025-05-22T14:14:41.085425'}] count=None
[2025-05-22 17:14:39] ✅ Successfully inserted: Gaspatxo bric
[2025-05-22 17:14:39] ✅ Gaspatxo bric — 1.95 (1 l)
[2025-05-22 17:14:40] Attempting to insert product: {'name': 'Salmorejo bric', 'price': 2.3, 'category': 'carn', 'store_id': 'bonarea', 'quantity': '1 l'}
[2025-05-22 17:14:40] Supabase Response: data=[{'name': 'Salmorejo bric', 'price': 2.3, 'category': 'carn', 'store_id': 'bonarea', 'quantity': '1 l', 'id': '905fe1a9-ed5b-4fc5-a152-e55bc51bb064', 'created_at': '2025-05-22T14:14:41.664609'}] count=None
[2025-05-22 17:14:40] ✅ Successfully inserted: Salmorejo bric
[2025-05-22 17:14:40] ✅ Salmorejo bric — 2.3 (1 l)
[2025-05-22 17:14:40] Attempting to insert product: {'name': 'Gaspatxo estil andalús', 'price': 1.1, 'category': 'carn', 'store_id': 'bonarea', 'quantity': '300 g'}
[2025-05-22 17:14:41] Supabase Response: data=[{'name': 'Gaspatxo estil andalús', 'price': 1.1, 'category': 'carn', 'store_id': 'bonarea', 'quantity': '300 g', 'id': '84f51072-f19e-4c19-b00e-38d1fe3c7d3f', 'created_at': '2025-05-22T14:14:42.241765'}] count=None
[2025-05-22 17:14:41] ✅ Successfully inserted: Gaspatxo estil andalús
[2025-05-22 17:14:41] ✅ Gaspatxo estil andalús — 1.1 (300 g)
[2025-05-22 17:14:41] Attempting to insert product: {'name': 'Gaspatxo de maduixa', 'price': 1.25, 'category': 'carn', 'store_id': 'bonarea', 'quantity': '300 g'}
[2025-05-22 17:14:41] Supabase Response: data=[{'name': 'Gaspatxo de maduixa', 'price': 1.25, 'category': 'carn', 'store_id': 'bonarea', 'quantity': '300 g', 'id': '9b515886-f9c2-44ad-acd7-f34f2c698a4d', 'created_at': '2025-05-22T14:14:42.837322'}] count=None
[2025-05-22 17:14:41] ✅ Successfully inserted: Gaspatxo de maduixa
[2025-05-22 17:14:41] ✅ Gaspatxo de maduixa — 1.25 (300 g)
[2025-05-22 17:14:42] Attempting to insert product: {'name': 'Hummus', 'price': 0.94, 'category': 'carn', 'store_id': 'bonarea', 'quantity': '200 g'}
[2025-05-22 17:14:42] Supabase Response: data=[{'name': 'Hummus', 'price': 0.94, 'category': 'carn', 'store_id': 'bonarea', 'quantity': '200 g', 'id': 'baa2f151-1d2e-4666-aedf-cf148228c280', 'created_at': '2025-05-22T14:14:43.490308'}] count=None
[2025-05-22 17:14:42] ✅ Successfully inserted: Hummus
[2025-05-22 17:14:42] ✅ Hummus — 0.94 (200 g)
[2025-05-22 17:14:42] Attempting to insert product: {'name': 'Cap de llom filetejat a la planxa', 'price': 2.4, 'category': 'carn', 'store_id': 'bonarea', 'quantity': 'aprox. 198 g'}
[2025-05-22 17:14:43] Supabase Response: data=[{'name': 'Cap de llom filetejat a la planxa', 'price': 2.4, 'category': 'carn', 'store_id': 'bonarea', 'quantity': 'aprox. 198 g', 'id': '89189e14-9513-426c-adca-3f6f4616bb5d', 'created_at': '2025-05-22T14:14:44.153469'}] count=None
[2025-05-22 17:14:43] ✅ Successfully inserted: Cap de llom filetejat a la planxa
[2025-05-22 17:14:43] ✅ Cap de llom filetejat a la planxa — 2.4 (aprox. 198 g)
[2025-05-22 17:14:43] Attempting to insert product: {'name': "Conill d'espatlla d'anoll", 'price': 17.27, 'category': 'carn', 'store_id': 'bonarea', 'quantity': 'aprox. 1,6 kg'}
[2025-05-22 17:14:43] Supabase Response: data=[{'name': "Conill d'espatlla d'anoll", 'price': 17.27, 'category': 'carn', 'store_id': 'bonarea', 'quantity': 'aprox. 1,6 kg', 'id': '36fa4ae1-9367-4679-9f05-102eb18736c0', 'created_at': '2025-05-22T14:14:44.805453'}] count=None
[2025-05-22 17:14:43] ✅ Successfully inserted: Conill d'espatlla d'anoll
[2025-05-22 17:14:43] ✅ Conill d'espatlla d'anoll — 17.27 (aprox. 1,6 kg)
[2025-05-22 17:14:44] Attempting to insert product: {'name': "Jarret d'anoll", 'price': 22.65, 'category': 'carn', 'store_id': 'bonarea', 'quantity': 'aprox. 2,0 kg'}
[2025-05-22 17:14:44] Supabase Response: data=[{'name': "Jarret d'anoll", 'price': 22.65, 'category': 'carn', 'store_id': 'bonarea', 'quantity': 'aprox. 2,0 kg', 'id': 'bd65b58f-868c-440a-aab1-e44061371a82', 'created_at': '2025-05-22T14:14:45.461905'}] count=None
[2025-05-22 17:14:44] ✅ Successfully inserted: Jarret d'anoll
[2025-05-22 17:14:44] ✅ Jarret d'anoll — 22.65 (aprox. 2,0 kg)
[2025-05-22 17:14:44] Attempting to insert product: {'name': 'Mixt de bull negre i donegal', 'price': 1.1, 'category': 'carn', 'store_id': 'bonarea', 'quantity': 'aprox. 143 g'}
[2025-05-22 17:14:44] Supabase Response: data=[{'name': 'Mixt de bull negre i donegal', 'price': 1.1, 'category': 'carn', 'store_id': 'bonarea', 'quantity': 'aprox. 143 g', 'id': '70967e24-83b0-41a8-80cc-55a77db8bcad', 'created_at': '2025-05-22T14:14:46.011463'}] count=None
[2025-05-22 17:14:44] ✅ Successfully inserted: Mixt de bull negre i donegal
[2025-05-22 17:14:44] ✅ Mixt de bull negre i donegal — 1.1 (aprox. 143 g)
[2025-05-22 17:14:45] Attempting to insert product: {'name': 'Càpsules Nescafé Dolce Gusto espresso intens', 'price': 4.25, 'category': 'carn', 'store_id': 'bonarea', 'quantity': '16 u.'}
[2025-05-22 17:14:45] Supabase Response: data=[{'name': 'Càpsules Nescafé Dolce Gusto espresso intens', 'price': 4.25, 'category': 'carn', 'store_id': 'bonarea', 'quantity': '16 u.', 'id': '07fd76cf-83b5-4290-a2dc-ccea99c59a74', 'created_at': '2025-05-22T14:14:46.635931'}] count=None
[2025-05-22 17:14:45] ✅ Successfully inserted: Càpsules Nescafé Dolce Gusto espresso intens
[2025-05-22 17:14:45] ✅ Càpsules Nescafé Dolce Gusto espresso intens — 4.25 (16 u.)
[2025-05-22 17:14:45] Attempting to insert product: {'name': 'Salmó adults', 'price': 13.8, 'category': 'carn', 'store_id': 'bonarea', 'quantity': '10 kg'}
[2025-05-22 17:14:46] Supabase Response: data=[{'name': 'Salmó adults', 'price': 13.8, 'category': 'carn', 'store_id': 'bonarea', 'quantity': '10 kg', 'id': '3721ba03-6f06-4346-8538-bb4c674eed0a', 'created_at': '2025-05-22T14:14:47.245364'}] count=None
[2025-05-22 17:14:46] ✅ Successfully inserted: Salmó adults
[2025-05-22 17:14:46] ✅ Salmó adults — 13.8 (10 kg)
[2025-05-22 17:14:46] ⚠️ Already exists: Salmó adults
[2025-05-22 17:14:46] Attempting to insert product: {'name': 'Original adults', 'price': 13.6, 'category': 'carn', 'store_id': 'bonarea', 'quantity': '10 kg'}
[2025-05-22 17:14:47] Supabase Response: data=[{'name': 'Original adults', 'price': 13.6, 'category': 'carn', 'store_id': 'bonarea', 'quantity': '10 kg', 'id': '581fda44-5f23-46c9-8989-1efc15db6bb0', 'created_at': '2025-05-22T14:14:48.150283'}] count=None
[2025-05-22 17:14:47] ✅ Successfully inserted: Original adults
[2025-05-22 17:14:47] ✅ Original adults — 13.6 (10 kg)
[2025-05-22 17:14:47] ⚠️ Already exists: Original adults
[2025-05-22 17:14:47] Attempting to insert product: {'name': 'Junior 2-12 mesos', 'price': 15.9, 'category': 'carn', 'store_id': 'bonarea', 'quantity': '10 kg'}
[2025-05-22 17:14:48] Supabase Response: data=[{'name': 'Junior 2-12 mesos', 'price': 15.9, 'category': 'carn', 'store_id': 'bonarea', 'quantity': '10 kg', 'id': 'a879e178-7a8c-46b8-9159-62e1363b7b7b', 'created_at': '2025-05-22T14:14:49.08778'}] count=None
[2025-05-22 17:14:48] ✅ Successfully inserted: Junior 2-12 mesos
[2025-05-22 17:14:48] ✅ Junior 2-12 mesos — 15.9 (10 kg)
[2025-05-22 17:14:48] ⚠️ Already exists: Junior 2-12 mesos
[2025-05-22 17:14:48] Attempting to insert product: {'name': 'Pit de pollastre groc sencer', 'price': 4.54, 'category': 'carn', 'store_id': 'bonarea', 'quantity': 'aprox. 693 g'}
[2025-05-22 17:14:48] Supabase Response: data=[{'name': 'Pit de pollastre groc sencer', 'price': 4.54, 'category': 'carn', 'store_id': 'bonarea', 'quantity': 'aprox. 693 g', 'id': 'a37d953f-c1c8-4734-be79-d6dbc6d46ff4', 'created_at': '2025-05-22T14:14:50.004794'}] count=None
[2025-05-22 17:14:48] ✅ Successfully inserted: Pit de pollastre groc sencer
[2025-05-22 17:14:48] ✅ Pit de pollastre groc sencer — 4.54 (aprox. 693 g)
[2025-05-22 17:14:49] Attempting to insert product: {'name': 'Pernilets de pollastre groc', 'price': 3.64, 'category': 'carn', 'store_id': 'bonarea', 'quantity': 'aprox. 1,0 kg'}
[2025-05-22 17:14:49] Supabase Response: data=[{'name': 'Pernilets de pollastre groc', 'price': 3.64, 'category': 'carn', 'store_id': 'bonarea', 'quantity': 'aprox. 1,0 kg', 'id': '3ba6fd90-4cf2-446e-9a28-0c8078bd0b05', 'created_at': '2025-05-22T14:14:50.633054'}] count=None
[2025-05-22 17:14:49] ✅ Successfully inserted: Pernilets de pollastre groc
[2025-05-22 17:14:49] ✅ Pernilets de pollastre groc — 3.64 (aprox. 1,0 kg)
[2025-05-22 17:14:49] Attempting to insert product: {'name': 'Pit de pollastre blanc sencer', 'price': 4.68, 'category': 'carn', 'store_id': 'bonarea', 'quantity': 'aprox. 715 g'}
[2025-05-22 17:14:50] Supabase Response: data=[{'name': 'Pit de pollastre blanc sencer', 'price': 4.68, 'category': 'carn', 'store_id': 'bonarea', 'quantity': 'aprox. 715 g', 'id': '7d821311-d801-454e-a0c7-665802214178', 'created_at': '2025-05-22T14:14:51.326049'}] count=None
[2025-05-22 17:14:50] ✅ Successfully inserted: Pit de pollastre blanc sencer
[2025-05-22 17:14:50] ✅ Pit de pollastre blanc sencer — 4.68 (aprox. 715 g)
[2025-05-22 17:14:50] Attempting to insert product: {'name': 'Pernilets de pollastre blanc', 'price': 3.8, 'category': 'carn', 'store_id': 'bonarea', 'quantity': 'aprox. 1,1 kg'}
[2025-05-22 17:14:50] Supabase Response: data=[{'name': 'Pernilets de pollastre blanc', 'price': 3.8, 'category': 'carn', 'store_id': 'bonarea', 'quantity': 'aprox. 1,1 kg', 'id': 'ac976cfb-750b-41a3-97cd-90d3c838bbb2', 'created_at': '2025-05-22T14:14:51.939847'}] count=None
[2025-05-22 17:14:50] ✅ Successfully inserted: Pernilets de pollastre blanc
[2025-05-22 17:14:50] ✅ Pernilets de pollastre blanc — 3.8 (aprox. 1,1 kg)
[2025-05-22 17:14:51] Attempting to insert product: {'name': 'Pit de pollastre groc filetejat', 'price': 4.69, 'category': 'carn', 'store_id': 'bonarea', 'quantity': 'aprox. 660 g'}
[2025-05-22 17:14:51] Supabase Response: data=[{'name': 'Pit de pollastre groc filetejat', 'price': 4.69, 'category': 'carn', 'store_id': 'bonarea', 'quantity': 'aprox. 660 g', 'id': '4f48eb86-a4fc-48b9-b4e7-bf0be344aa20', 'created_at': '2025-05-22T14:14:52.572243'}] count=None
[2025-05-22 17:14:51] ✅ Successfully inserted: Pit de pollastre groc filetejat
[2025-05-22 17:14:51] ✅ Pit de pollastre groc filetejat — 4.69 (aprox. 660 g)
[2025-05-22 17:14:51] Attempting to insert product: {'name': 'Pit de pollastre sencer 65% cereals', 'price': 4.57, 'category': 'carn', 'store_id': 'bonarea', 'quantity': 'aprox. 605 g'}
[2025-05-22 17:14:52] Supabase Response: data=[{'name': 'Pit de pollastre sencer 65% cereals', 'price': 4.57, 'category': 'carn', 'store_id': 'bonarea', 'quantity': 'aprox. 605 g', 'id': '689827c5-3eef-4c5e-b804-d159dae5d8a3', 'created_at': '2025-05-22T14:14:53.157251'}] count=None
[2025-05-22 17:14:52] ✅ Successfully inserted: Pit de pollastre sencer 65% cereals
[2025-05-22 17:14:52] ✅ Pit de pollastre sencer 65% cereals — 4.57 (aprox. 605 g)
[2025-05-22 17:14:52] 🌐 Visiting: https://www.bonarea-online.com/online/carns-i-ous/pollastre
[2025-05-22 17:14:58] 🔄 Scroll 1/20 — Products loaded: 24
[2025-05-22 17:14:59] 🔄 Scroll 2/20 — Products loaded: 24
[2025-05-22 17:14:59] 🛑 No new products loaded. Stopping scroll.
[2025-05-22 17:14:59] 🔎 Found 24 product(s) in category 'pollastre'
[2025-05-22 17:14:59] ⚠️ Already exists: Gaspatxo
[2025-05-22 17:15:00] ⚠️ Already exists: Salmorejo
[2025-05-22 17:15:00] ⚠️ Already exists: Gaspatxo bric
[2025-05-22 17:15:00] ⚠️ Already exists: Salmorejo bric
[2025-05-22 17:15:01] ⚠️ Already exists: Gaspatxo estil andalús
[2025-05-22 17:15:01] ⚠️ Already exists: Gaspatxo de maduixa
[2025-05-22 17:15:01] ⚠️ Already exists: Hummus
[2025-05-22 17:15:02] ⚠️ Already exists: Cap de llom filetejat a la planxa
[2025-05-22 17:15:02] ⚠️ Already exists: Conill d'espatlla d'anoll
[2025-05-22 17:15:02] ⚠️ Already exists: Jarret d'anoll
[2025-05-22 17:15:03] ⚠️ Already exists: Mixt de bull negre i donegal
[2025-05-22 17:15:03] ⚠️ Already exists: Càpsules Nescafé Dolce Gusto espresso intens
[2025-05-22 17:15:03] ⚠️ Already exists: Salmó adults
[2025-05-22 17:15:04] ⚠️ Already exists: Salmó adults
[2025-05-22 17:15:04] ⚠️ Already exists: Original adults
[2025-05-22 17:15:04] ⚠️ Already exists: Original adults
[2025-05-22 17:15:05] ⚠️ Already exists: Junior 2-12 mesos
[2025-05-22 17:15:05] ⚠️ Already exists: Junior 2-12 mesos
[2025-05-22 17:15:05] ⚠️ Already exists: Pit de pollastre groc sencer
[2025-05-22 17:15:06] ⚠️ Already exists: Pernilets de pollastre groc
[2025-05-22 17:15:06] ⚠️ Already exists: Pit de pollastre blanc sencer
[2025-05-22 17:15:06] ⚠️ Already exists: Pernilets de pollastre blanc
[2025-05-22 17:15:07] ⚠️ Already exists: Pit de pollastre groc filetejat
[2025-05-22 17:15:07] ⚠️ Already exists: Pit de pollastre sencer 65% cereals
[2025-05-22 17:15:08] 🌐 Visiting: https://www.bonarea-online.com/online/carns-i-ous/conill
[2025-05-22 17:15:14] 🔄 Scroll 1/20 — Products loaded: 24
[2025-05-22 17:15:15] 🔄 Scroll 2/20 — Products loaded: 24
[2025-05-22 17:15:15] 🛑 No new products loaded. Stopping scroll.
[2025-05-22 17:15:15] 🔎 Found 24 product(s) in category 'conill'
[2025-05-22 17:15:16] ⚠️ Already exists: Gaspatxo
[2025-05-22 17:15:16] ⚠️ Already exists: Salmorejo
[2025-05-22 17:15:16] ⚠️ Already exists: Gaspatxo bric
[2025-05-22 17:15:17] ⚠️ Already exists: Salmorejo bric
[2025-05-22 17:15:17] ⚠️ Already exists: Gaspatxo estil andalús
[2025-05-22 17:15:18] ⚠️ Already exists: Gaspatxo de maduixa
[2025-05-22 17:15:18] ⚠️ Already exists: Hummus
[2025-05-22 17:15:18] ⚠️ Already exists: Cap de llom filetejat a la planxa
[2025-05-22 17:15:19] ⚠️ Already exists: Conill d'espatlla d'anoll
[2025-05-22 17:15:19] ⚠️ Already exists: Jarret d'anoll
[2025-05-22 17:15:19] ⚠️ Already exists: Mixt de bull negre i donegal
[2025-05-22 17:15:20] ⚠️ Already exists: Càpsules Nescafé Dolce Gusto espresso intens
[2025-05-22 17:15:20] ⚠️ Already exists: Salmó adults
[2025-05-22 17:15:21] ⚠️ Already exists: Salmó adults
[2025-05-22 17:15:21] ⚠️ Already exists: Original adults
[2025-05-22 17:15:21] ⚠️ Already exists: Original adults
[2025-05-22 17:15:22] ⚠️ Already exists: Junior 2-12 mesos
[2025-05-22 17:15:22] ⚠️ Already exists: Junior 2-12 mesos
[2025-05-22 17:15:22] ⚠️ Already exists: Pit de pollastre groc sencer
[2025-05-22 17:15:23] ⚠️ Already exists: Pernilets de pollastre groc
[2025-05-22 17:15:23] ⚠️ Already exists: Pit de pollastre blanc sencer
[2025-05-22 17:15:23] ⚠️ Already exists: Pernilets de pollastre blanc
[2025-05-22 17:15:24] ⚠️ Already exists: Pit de pollastre groc filetejat
[2025-05-22 17:15:24] ⚠️ Already exists: Pit de pollastre sencer 65% cereals
[2025-05-22 17:15:25] 🌐 Visiting: https://www.bonarea-online.com/online/carns-i-ous/porc
[2025-05-22 17:15:30] 🔄 Scroll 1/20 — Products loaded: 24
[2025-05-22 17:15:31] 🔄 Scroll 2/20 — Products loaded: 24
[2025-05-22 17:15:31] 🛑 No new products loaded. Stopping scroll.
[2025-05-22 17:15:32] 🔎 Found 24 product(s) in category 'porc'
[2025-05-22 17:15:32] ⚠️ Already exists: Gaspatxo
[2025-05-22 17:15:33] ⚠️ Already exists: Salmorejo
[2025-05-22 17:15:33] ⚠️ Already exists: Gaspatxo bric
[2025-05-22 17:15:33] ⚠️ Already exists: Salmorejo bric
[2025-05-22 17:15:34] ⚠️ Already exists: Gaspatxo estil andalús
[2025-05-22 17:15:34] ⚠️ Already exists: Gaspatxo de maduixa
[2025-05-22 17:15:35] ⚠️ Already exists: Hummus
[2025-05-22 17:15:35] ⚠️ Already exists: Cap de llom filetejat a la planxa
[2025-05-22 17:15:35] ⚠️ Already exists: Conill d'espatlla d'anoll
[2025-05-22 17:15:36] ⚠️ Already exists: Jarret d'anoll
[2025-05-22 17:15:36] ⚠️ Already exists: Mixt de bull negre i donegal
[2025-05-22 17:15:36] ⚠️ Already exists: Càpsules Nescafé Dolce Gusto espresso intens
[2025-05-22 17:15:37] ⚠️ Already exists: Salmó adults
[2025-05-22 17:15:37] ⚠️ Already exists: Salmó adults
[2025-05-22 17:15:37] ⚠️ Already exists: Original adults
[2025-05-22 17:15:38] ⚠️ Already exists: Original adults
[2025-05-22 17:15:38] ⚠️ Already exists: Junior 2-12 mesos
[2025-05-22 17:15:38] ⚠️ Already exists: Junior 2-12 mesos
[2025-05-22 17:15:39] ⚠️ Already exists: Pit de pollastre groc sencer
[2025-05-22 17:15:39] ⚠️ Already exists: Pernilets de pollastre groc
[2025-05-22 17:15:39] ⚠️ Already exists: Pit de pollastre blanc sencer
[2025-05-22 17:15:40] ⚠️ Already exists: Pernilets de pollastre blanc
[2025-05-22 17:15:40] ⚠️ Already exists: Pit de pollastre groc filetejat
[2025-05-22 17:15:40] ⚠️ Already exists: Pit de pollastre sencer 65% cereals
[2025-05-22 17:15:41] 🌐 Visiting: https://www.bonarea-online.com/online/carns-i-ous/vedella
[2025-05-22 17:15:46] 🔄 Scroll 1/20 — Products loaded: 24
[2025-05-22 17:15:47] 🔄 Scroll 2/20 — Products loaded: 24
[2025-05-22 17:15:47] 🛑 No new products loaded. Stopping scroll.
[2025-05-22 17:15:47] 🔎 Found 24 product(s) in category 'vedella'
[2025-05-22 17:15:48] ⚠️ Already exists: Gaspatxo
[2025-05-22 17:15:48] ⚠️ Already exists: Salmorejo
[2025-05-22 17:15:49] ⚠️ Already exists: Gaspatxo bric
[2025-05-22 17:15:49] ⚠️ Already exists: Salmorejo bric
[2025-05-22 17:15:49] ⚠️ Already exists: Gaspatxo estil andalús
[2025-05-22 17:15:50] ⚠️ Already exists: Gaspatxo de maduixa
[2025-05-22 17:15:50] ⚠️ Already exists: Hummus
[2025-05-22 17:15:51] ⚠️ Already exists: Cap de llom filetejat a la planxa
[2025-05-22 17:15:51] ⚠️ Already exists: Conill d'espatlla d'anoll
[2025-05-22 17:15:52] ⚠️ Already exists: Jarret d'anoll
[2025-05-22 17:15:52] ⚠️ Already exists: Mixt de bull negre i donegal
[2025-05-22 17:15:52] ⚠️ Already exists: Càpsules Nescafé Dolce Gusto espresso intens
[2025-05-22 17:15:52] ⚠️ Already exists: Salmó adults
[2025-05-22 17:15:53] ⚠️ Already exists: Salmó adults
[2025-05-22 17:15:53] ⚠️ Already exists: Original adults
[2025-05-22 17:15:53] ⚠️ Already exists: Original adults
[2025-05-22 17:15:54] ⚠️ Already exists: Junior 2-12 mesos
[2025-05-22 17:15:54] ⚠️ Already exists: Junior 2-12 mesos
[2025-05-22 17:15:54] ⚠️ Already exists: Pit de pollastre groc sencer
[2025-05-22 17:15:55] ⚠️ Already exists: Pernilets de pollastre groc
[2025-05-22 17:15:55] ⚠️ Already exists: Pit de pollastre blanc sencer
[2025-05-22 17:15:56] ⚠️ Already exists: Pernilets de pollastre blanc
[2025-05-22 17:15:56] ⚠️ Already exists: Pit de pollastre groc filetejat
[2025-05-22 17:15:56] ⚠️ Already exists: Pit de pollastre sencer 65% cereals
[2025-05-22 17:15:57] 🌐 Visiting: https://www.bonarea-online.com/online/lactics-i-derivats
[2025-05-22 17:16:02] 🔄 Scroll 1/20 — Products loaded: 24
[2025-05-22 17:16:03] 🔄 Scroll 2/20 — Products loaded: 24
[2025-05-22 17:16:03] 🛑 No new products loaded. Stopping scroll.
[2025-05-22 17:16:04] 🔎 Found 24 product(s) in category 'lactis'
[2025-05-22 17:16:04] ⚠️ Already exists: Gaspatxo
[2025-05-22 17:16:05] ⚠️ Already exists: Salmorejo
[2025-05-22 17:16:05] ⚠️ Already exists: Gaspatxo bric
[2025-05-22 17:16:05] ⚠️ Already exists: Salmorejo bric
[2025-05-22 17:16:06] ⚠️ Already exists: Gaspatxo estil andalús
[2025-05-22 17:16:06] ⚠️ Already exists: Gaspatxo de maduixa
[2025-05-22 17:16:06] ⚠️ Already exists: Hummus
[2025-05-22 17:16:06] ⚠️ Already exists: Cap de llom filetejat a la planxa
[2025-05-22 17:16:07] ⚠️ Already exists: Conill d'espatlla d'anoll
[2025-05-22 17:16:07] ⚠️ Already exists: Jarret d'anoll
[2025-05-22 17:16:07] ⚠️ Already exists: Mixt de bull negre i donegal
[2025-05-22 17:16:08] ⚠️ Already exists: Càpsules Nescafé Dolce Gusto espresso intens
[2025-05-22 17:16:08] ⚠️ Already exists: Salmó adults
[2025-05-22 17:16:08] ⚠️ Already exists: Salmó adults
[2025-05-22 17:16:09] ⚠️ Already exists: Original adults
[2025-05-22 17:16:09] ⚠️ Already exists: Original adults
[2025-05-22 17:16:09] ⚠️ Already exists: Junior 2-12 mesos
[2025-05-22 17:16:10] ⚠️ Already exists: Junior 2-12 mesos
[2025-05-22 17:16:10] ⚠️ Already exists: Pit de pollastre groc sencer
[2025-05-22 17:16:10] ⚠️ Already exists: Pernilets de pollastre groc
[2025-05-22 17:16:11] ⚠️ Already exists: Pit de pollastre blanc sencer
[2025-05-22 17:16:11] ⚠️ Already exists: Pernilets de pollastre blanc
[2025-05-22 17:16:11] ⚠️ Already exists: Pit de pollastre groc filetejat
[2025-05-22 17:16:12] ⚠️ Already exists: Pit de pollastre sencer 65% cereals
[2025-05-22 17:16:12] 🌐 Visiting: https://www.bonarea-online.com/online/embotits-i-xarcuteria
[2025-05-22 17:16:18] 🔄 Scroll 1/20 — Products loaded: 24
[2025-05-22 17:16:19] 🔄 Scroll 2/20 — Products loaded: 24
[2025-05-22 17:16:19] 🛑 No new products loaded. Stopping scroll.
[2025-05-22 17:16:19] 🔎 Found 24 product(s) in category 'embotits'
[2025-05-22 17:16:19] ⚠️ Already exists: Gaspatxo
[2025-05-22 17:16:20] ⚠️ Already exists: Salmorejo
[2025-05-22 17:16:20] ⚠️ Already exists: Gaspatxo bric
[2025-05-22 17:16:20] ⚠️ Already exists: Salmorejo bric
[2025-05-22 17:16:21] ⚠️ Already exists: Gaspatxo estil andalús
[2025-05-22 17:16:21] ⚠️ Already exists: Gaspatxo de maduixa
[2025-05-22 17:16:21] ⚠️ Already exists: Hummus
[2025-05-22 17:16:22] ⚠️ Already exists: Cap de llom filetejat a la planxa
[2025-05-22 17:16:22] ⚠️ Already exists: Conill d'espatlla d'anoll
[2025-05-22 17:16:22] ⚠️ Already exists: Jarret d'anoll
[2025-05-22 17:16:23] ⚠️ Already exists: Mixt de bull negre i donegal
[2025-05-22 17:16:23] ⚠️ Already exists: Càpsules Nescafé Dolce Gusto espresso intens
[2025-05-22 17:16:23] ⚠️ Already exists: Salmó adults
[2025-05-22 17:16:24] ⚠️ Already exists: Salmó adults
[2025-05-22 17:16:24] ⚠️ Already exists: Original adults
[2025-05-22 17:16:24] ⚠️ Already exists: Original adults
[2025-05-22 17:16:25] ⚠️ Already exists: Junior 2-12 mesos
[2025-05-22 17:16:25] ⚠️ Already exists: Junior 2-12 mesos
[2025-05-22 17:16:25] ⚠️ Already exists: Pit de pollastre groc sencer
[2025-05-22 17:16:26] ⚠️ Already exists: Pernilets de pollastre groc
[2025-05-22 17:16:26] ⚠️ Already exists: Pit de pollastre blanc sencer
[2025-05-22 17:16:26] ⚠️ Already exists: Pernilets de pollastre blanc
[2025-05-22 17:16:27] ⚠️ Already exists: Pit de pollastre groc filetejat
[2025-05-22 17:16:27] ⚠️ Already exists: Pit de pollastre sencer 65% cereals
[2025-05-22 17:16:28] 🌐 Visiting: https://www.bonarea-online.com/online/begudes/begudes
[2025-05-22 17:16:33] 🔄 Scroll 1/20 — Products loaded: 24
[2025-05-22 17:16:34] 🔄 Scroll 2/20 — Products loaded: 24
[2025-05-22 17:16:34] 🛑 No new products loaded. Stopping scroll.
[2025-05-22 17:16:34] 🔎 Found 24 product(s) in category 'begudes'
[2025-05-22 17:16:35] ⚠️ Already exists: Gaspatxo
[2025-05-22 17:16:35] ⚠️ Already exists: Salmorejo
[2025-05-22 17:16:35] ⚠️ Already exists: Gaspatxo bric
[2025-05-22 17:16:36] ⚠️ Already exists: Salmorejo bric
[2025-05-22 17:16:36] ⚠️ Already exists: Gaspatxo estil andalús
[2025-05-22 17:16:36] ⚠️ Already exists: Gaspatxo de maduixa
[2025-05-22 17:16:37] ⚠️ Already exists: Hummus
[2025-05-22 17:16:37] ⚠️ Already exists: Cap de llom filetejat a la planxa
[2025-05-22 17:16:37] ⚠️ Already exists: Conill d'espatlla d'anoll
[2025-05-22 17:16:38] ⚠️ Already exists: Jarret d'anoll
[2025-05-22 17:16:38] ⚠️ Already exists: Mixt de bull negre i donegal
[2025-05-22 17:16:38] ⚠️ Already exists: Càpsules Nescafé Dolce Gusto espresso intens
[2025-05-22 17:16:39] ⚠️ Already exists: Salmó adults
[2025-05-22 17:16:39] ⚠️ Already exists: Salmó adults
[2025-05-22 17:16:39] ⚠️ Already exists: Original adults
[2025-05-22 17:16:40] ⚠️ Already exists: Original adults
[2025-05-22 17:16:40] ⚠️ Already exists: Junior 2-12 mesos
[2025-05-22 17:16:40] ⚠️ Already exists: Junior 2-12 mesos
[2025-05-22 17:16:41] ⚠️ Already exists: Pit de pollastre groc sencer
[2025-05-22 17:16:41] ⚠️ Already exists: Pernilets de pollastre groc
[2025-05-22 17:16:41] ⚠️ Already exists: Pit de pollastre blanc sencer
[2025-05-22 17:16:42] ⚠️ Already exists: Pernilets de pollastre blanc
[2025-05-22 17:16:42] ⚠️ Already exists: Pit de pollastre groc filetejat
[2025-05-22 17:16:42] ⚠️ Already exists: Pit de pollastre sencer 65% cereals
[2025-05-22 17:16:43] 🌐 Visiting: https://www.bonarea-online.com/online/plats-preparats
[2025-05-22 17:16:48] 🔄 Scroll 1/20 — Products loaded: 24
[2025-05-22 17:16:49] 🔄 Scroll 2/20 — Products loaded: 24
[2025-05-22 17:16:49] 🛑 No new products loaded. Stopping scroll.
[2025-05-22 17:16:49] 🔎 Found 24 product(s) in category 'plats'
[2025-05-22 17:16:50] ⚠️ Already exists: Gaspatxo
[2025-05-22 17:16:50] ⚠️ Already exists: Salmorejo
[2025-05-22 17:16:50] ⚠️ Already exists: Gaspatxo bric
[2025-05-22 17:16:51] ⚠️ Already exists: Salmorejo bric
[2025-05-22 17:16:51] ⚠️ Already exists: Gaspatxo estil andalús
[2025-05-22 17:16:51] ⚠️ Already exists: Gaspatxo de maduixa
[2025-05-22 17:16:52] ⚠️ Already exists: Hummus
[2025-05-22 17:16:52] ⚠️ Already exists: Cap de llom filetejat a la planxa
[2025-05-22 17:16:52] ⚠️ Already exists: Conill d'espatlla d'anoll
[2025-05-22 17:16:52] ⚠️ Already exists: Jarret d'anoll
[2025-05-22 17:16:53] ⚠️ Already exists: Mixt de bull negre i donegal
[2025-05-22 17:16:53] ⚠️ Already exists: Càpsules Nescafé Dolce Gusto espresso intens
[2025-05-22 17:16:53] ⚠️ Already exists: Salmó adults
[2025-05-22 17:16:54] ⚠️ Already exists: Salmó adults
[2025-05-22 17:16:54] ⚠️ Already exists: Original adults
[2025-05-22 17:16:54] ⚠️ Already exists: Original adults
[2025-05-22 17:16:55] ⚠️ Already exists: Junior 2-12 mesos
[2025-05-22 17:16:55] ⚠️ Already exists: Junior 2-12 mesos
[2025-05-22 17:16:55] ⚠️ Already exists: Pit de pollastre groc sencer
[2025-05-22 17:16:55] ⚠️ Already exists: Pernilets de pollastre groc
[2025-05-22 17:16:56] ⚠️ Already exists: Pit de pollastre blanc sencer
[2025-05-22 17:16:56] ⚠️ Already exists: Pernilets de pollastre blanc
[2025-05-22 17:16:56] ⚠️ Already exists: Pit de pollastre groc filetejat
[2025-05-22 17:16:57] ⚠️ Already exists: Pit de pollastre sencer 65% cereals
[2025-05-22 17:16:58] 🌐 Visiting: https://www.bonarea-online.com/online/congelats
[2025-05-22 17:17:03] 🔄 Scroll 1/20 — Products loaded: 24
[2025-05-22 17:17:04] 🔄 Scroll 2/20 — Products loaded: 24
[2025-05-22 17:17:04] 🛑 No new products loaded. Stopping scroll.
[2025-05-22 17:17:04] 🔎 Found 24 product(s) in category 'congelats'
[2025-05-22 17:17:05] ⚠️ Already exists: Gaspatxo
[2025-05-22 17:17:05] ⚠️ Already exists: Salmorejo
[2025-05-22 17:17:06] ⚠️ Already exists: Gaspatxo bric
[2025-05-22 17:17:06] ⚠️ Already exists: Salmorejo bric
[2025-05-22 17:17:06] ⚠️ Already exists: Gaspatxo estil andalús
[2025-05-22 17:17:06] ⚠️ Already exists: Gaspatxo de maduixa
[2025-05-22 17:17:07] ⚠️ Already exists: Hummus
[2025-05-22 17:17:07] ⚠️ Already exists: Cap de llom filetejat a la planxa
[2025-05-22 17:17:07] ⚠️ Already exists: Conill d'espatlla d'anoll
[2025-05-22 17:17:08] ⚠️ Already exists: Jarret d'anoll
[2025-05-22 17:17:08] ⚠️ Already exists: Mixt de bull negre i donegal
[2025-05-22 17:17:08] ⚠️ Already exists: Càpsules Nescafé Dolce Gusto espresso intens
[2025-05-22 17:17:09] ⚠️ Already exists: Salmó adults
[2025-05-22 17:17:09] ⚠️ Already exists: Salmó adults
[2025-05-22 17:17:09] ⚠️ Already exists: Original adults
[2025-05-22 17:17:09] ⚠️ Already exists: Original adults
[2025-05-22 17:17:10] ⚠️ Already exists: Junior 2-12 mesos
[2025-05-22 17:17:10] ⚠️ Already exists: Junior 2-12 mesos
[2025-05-22 17:17:10] ⚠️ Already exists: Pit de pollastre groc sencer
[2025-05-22 17:17:11] ⚠️ Already exists: Pernilets de pollastre groc
[2025-05-22 17:17:11] ⚠️ Already exists: Pit de pollastre blanc sencer
[2025-05-22 17:17:12] ⚠️ Already exists: Pernilets de pollastre blanc
[2025-05-22 17:17:12] ⚠️ Already exists: Pit de pollastre groc filetejat
[2025-05-22 17:17:12] ⚠️ Already exists: Pit de pollastre sencer 65% cereals
[2025-05-22 17:17:13] 🌐 Visiting: https://www.bonarea-online.com/online/postres-i-dolcos
[2025-05-22 17:17:18] 🔄 Scroll 1/20 — Products loaded: 24
[2025-05-22 17:17:19] 🔄 Scroll 2/20 — Products loaded: 24
[2025-05-22 17:17:19] 🛑 No new products loaded. Stopping scroll.
[2025-05-22 17:17:19] 🔎 Found 24 product(s) in category 'postres'
[2025-05-22 17:17:20] ⚠️ Already exists: Gaspatxo
[2025-05-22 17:17:20] ⚠️ Already exists: Salmorejo
[2025-05-22 17:17:20] ⚠️ Already exists: Gaspatxo bric
[2025-05-22 17:17:21] ⚠️ Already exists: Salmorejo bric
[2025-05-22 17:17:21] ⚠️ Already exists: Gaspatxo estil andalús
[2025-05-22 17:17:21] ⚠️ Already exists: Gaspatxo de maduixa
[2025-05-22 17:17:21] ⚠️ Already exists: Hummus
[2025-05-22 17:17:22] ⚠️ Already exists: Cap de llom filetejat a la planxa
[2025-05-22 17:17:22] ⚠️ Already exists: Conill d'espatlla d'anoll
[2025-05-22 17:17:22] ⚠️ Already exists: Jarret d'anoll
[2025-05-22 17:17:23] ⚠️ Already exists: Mixt de bull negre i donegal
[2025-05-22 17:17:23] ⚠️ Already exists: Càpsules Nescafé Dolce Gusto espresso intens
[2025-05-22 17:17:23] ⚠️ Already exists: Salmó adults
[2025-05-22 17:17:24] ⚠️ Already exists: Salmó adults
[2025-05-22 17:17:24] ⚠️ Already exists: Original adults
[2025-05-22 17:17:24] ⚠️ Already exists: Original adults
[2025-05-22 17:17:25] ⚠️ Already exists: Junior 2-12 mesos
[2025-05-22 17:17:25] ⚠️ Already exists: Junior 2-12 mesos
[2025-05-22 17:17:25] ⚠️ Already exists: Pit de pollastre groc sencer
[2025-05-22 17:17:25] ⚠️ Already exists: Pernilets de pollastre groc
[2025-05-22 17:17:26] ⚠️ Already exists: Pit de pollastre blanc sencer
[2025-05-22 17:17:26] ⚠️ Already exists: Pernilets de pollastre blanc
[2025-05-22 17:17:26] ⚠️ Already exists: Pit de pollastre groc filetejat
[2025-05-22 17:17:27] ⚠️ Already exists: Pit de pollastre sencer 65% cereals
[2025-05-22 17:17:28] 🌐 Visiting: https://www.bonarea-online.com/online/pa-i-brioxeria
[2025-05-22 17:17:32] 🔄 Scroll 1/20 — Products loaded: 24
[2025-05-22 17:17:34] 🔄 Scroll 2/20 — Products loaded: 24
[2025-05-22 17:17:34] 🛑 No new products loaded. Stopping scroll.
[2025-05-22 17:17:34] 🔎 Found 24 product(s) in category 'pa'
[2025-05-22 17:17:34] ⚠️ Already exists: Gaspatxo
[2025-05-22 17:17:34] ⚠️ Already exists: Salmorejo
[2025-05-22 17:17:35] ⚠️ Already exists: Gaspatxo bric
[2025-05-22 17:17:35] ⚠️ Already exists: Salmorejo bric
[2025-05-22 17:17:35] ⚠️ Already exists: Gaspatxo estil andalús
[2025-05-22 17:17:36] ⚠️ Already exists: Gaspatxo de maduixa
[2025-05-22 17:17:36] ⚠️ Already exists: Hummus
[2025-05-22 17:17:36] ⚠️ Already exists: Cap de llom filetejat a la planxa
[2025-05-22 17:17:36] ⚠️ Already exists: Conill d'espatlla d'anoll
[2025-05-22 17:17:37] ⚠️ Already exists: Jarret d'anoll
[2025-05-22 17:17:37] ⚠️ Already exists: Mixt de bull negre i donegal
[2025-05-22 17:17:37] ⚠️ Already exists: Càpsules Nescafé Dolce Gusto espresso intens
[2025-05-22 17:17:38] ⚠️ Already exists: Salmó adults
[2025-05-22 17:17:38] ⚠️ Already exists: Salmó adults
[2025-05-22 17:17:38] ⚠️ Already exists: Original adults
[2025-05-22 17:17:39] ⚠️ Already exists: Original adults
[2025-05-22 17:17:39] ⚠️ Already exists: Junior 2-12 mesos
[2025-05-22 17:17:39] ⚠️ Already exists: Junior 2-12 mesos
[2025-05-22 17:17:40] ⚠️ Already exists: Pit de pollastre groc sencer
[2025-05-22 17:17:40] ⚠️ Already exists: Pernilets de pollastre groc
[2025-05-22 17:17:40] ⚠️ Already exists: Pit de pollastre blanc sencer
[2025-05-22 17:17:41] ⚠️ Already exists: Pernilets de pollastre blanc
[2025-05-22 17:17:41] ⚠️ Already exists: Pit de pollastre groc filetejat
[2025-05-22 17:17:41] ⚠️ Already exists: Pit de pollastre sencer 65% cereals
[2025-05-22 17:17:42] 🌐 Visiting: https://www.bonarea-online.com/online/verdures-i-hortalisses
[2025-05-22 17:17:47] 🔄 Scroll 1/20 — Products loaded: 24
[2025-05-22 17:17:48] 🔄 Scroll 2/20 — Products loaded: 24
[2025-05-22 17:17:48] 🛑 No new products loaded. Stopping scroll.
[2025-05-22 17:17:48] 🔎 Found 24 product(s) in category 'verdures'
[2025-05-22 17:17:49] ⚠️ Already exists: Gaspatxo
[2025-05-22 17:17:49] ⚠️ Already exists: Salmorejo
[2025-05-22 17:17:50] ⚠️ Already exists: Gaspatxo bric
[2025-05-22 17:17:50] ⚠️ Already exists: Salmorejo bric
[2025-05-22 17:17:50] ⚠️ Already exists: Gaspatxo estil andalús
[2025-05-22 17:17:51] ⚠️ Already exists: Gaspatxo de maduixa
[2025-05-22 17:17:51] ⚠️ Already exists: Hummus
[2025-05-22 17:17:51] ⚠️ Already exists: Cap de llom filetejat a la planxa
[2025-05-22 17:17:52] ⚠️ Already exists: Conill d'espatlla d'anoll
[2025-05-22 17:17:52] ⚠️ Already exists: Jarret d'anoll
[2025-05-22 17:17:52] ⚠️ Already exists: Mixt de bull negre i donegal
[2025-05-22 17:17:53] ⚠️ Already exists: Càpsules Nescafé Dolce Gusto espresso intens
[2025-05-22 17:17:53] ⚠️ Already exists: Salmó adults
[2025-05-22 17:17:53] ⚠️ Already exists: Salmó adults
[2025-05-22 17:17:54] ⚠️ Already exists: Original adults
[2025-05-22 17:17:54] ⚠️ Already exists: Original adults
[2025-05-22 17:17:54] ⚠️ Already exists: Junior 2-12 mesos
[2025-05-22 17:17:55] ⚠️ Already exists: Junior 2-12 mesos
[2025-05-22 17:18:01] 🌐 Visiting: https://www.bonarea-online.com/online/carns-i-ous
[2025-05-22 17:18:06] 🔄 Scroll 1/20 — Products loaded: 24
[2025-05-22 17:18:11] 🔄 Scroll 2/20 — Products loaded: 24
[2025-05-22 17:18:13] 🛑 No new products loaded. Stopping scroll.
[2025-05-22 17:18:13] 🔎 Found 24 product(s) in category 'carn'
[2025-05-22 17:18:14] Attempting to insert product: {'name': 'Gaspatxo', 'price': 2.85, 'category': 'carn', 'store_id': 'bonarea', 'quantity': '1 l'}
[2025-05-22 17:18:14] Supabase Response: data=[{'name': 'Gaspatxo', 'price': 2.85, 'category': 'carn', 'store_id': 'bonarea', 'quantity': '1 l', 'id': '1df05f0a-6465-4664-bf1c-f6ddd031cab1', 'created_at': '2025-05-22T14:18:15.732576'}] count=None
[2025-05-22 17:18:14] ✅ Successfully inserted: Gaspatxo
[2025-05-22 17:18:14] ✅ Gaspatxo — 2.85 (1 l)
[2025-05-22 17:18:14] Attempting to insert product: {'name': 'Salmorejo', 'price': 3.15, 'category': 'carn', 'store_id': 'bonarea', 'quantity': '1 l'}
[2025-05-22 17:18:15] Supabase Response: data=[{'name': 'Salmorejo', 'price': 3.15, 'category': 'carn', 'store_id': 'bonarea', 'quantity': '1 l', 'id': '8bba9910-ebcd-450e-ad00-80be493683c0', 'created_at': '2025-05-22T14:18:16.240738'}] count=None
[2025-05-22 17:18:15] ✅ Successfully inserted: Salmorejo
[2025-05-22 17:18:15] ✅ Salmorejo — 3.15 (1 l)
[2025-05-22 17:18:15] Attempting to insert product: {'name': 'Gaspatxo bric', 'price': 1.95, 'category': 'carn', 'store_id': 'bonarea', 'quantity': '1 l'}
[2025-05-22 17:18:15] Supabase Response: data=[{'name': 'Gaspatxo bric', 'price': 1.95, 'category': 'carn', 'store_id': 'bonarea', 'quantity': '1 l', 'id': 'd3a82430-89e9-4072-8f1f-5ceeac9db7f1', 'created_at': '2025-05-22T14:18:16.763426'}] count=None
[2025-05-22 17:18:15] ✅ Successfully inserted: Gaspatxo bric
[2025-05-22 17:18:15] ✅ Gaspatxo bric — 1.95 (1 l)
[2025-05-22 17:18:15] Attempting to insert product: {'name': 'Salmorejo bric', 'price': 2.3, 'category': 'carn', 'store_id': 'bonarea', 'quantity': '1 l'}
[2025-05-22 17:18:16] Supabase Response: data=[{'name': 'Salmorejo bric', 'price': 2.3, 'category': 'carn', 'store_id': 'bonarea', 'quantity': '1 l', 'id': 'd4f6738f-34db-413c-b1aa-551c81668c6d', 'created_at': '2025-05-22T14:18:17.273775'}] count=None
[2025-05-22 17:18:16] ✅ Successfully inserted: Salmorejo bric
[2025-05-22 17:18:16] ✅ Salmorejo bric — 2.3 (1 l)
[2025-05-22 17:18:16] Attempting to insert product: {'name': 'Gaspatxo estil andalús', 'price': 1.1, 'category': 'carn', 'store_id': 'bonarea', 'quantity': '300 g'}
[2025-05-22 17:18:16] Supabase Response: data=[{'name': 'Gaspatxo estil andalús', 'price': 1.1, 'category': 'carn', 'store_id': 'bonarea', 'quantity': '300 g', 'id': '4131b338-dc16-4333-919f-299c13867f3f', 'created_at': '2025-05-22T14:18:17.895665'}] count=None
[2025-05-22 17:18:16] ✅ Successfully inserted: Gaspatxo estil andalús
[2025-05-22 17:18:16] ✅ Gaspatxo estil andalús — 1.1 (300 g)
[2025-05-22 17:18:17] Attempting to insert product: {'name': 'Gaspatxo de maduixa', 'price': 1.25, 'category': 'carn', 'store_id': 'bonarea', 'quantity': '300 g'}
[2025-05-22 17:18:17] Supabase Response: data=[{'name': 'Gaspatxo de maduixa', 'price': 1.25, 'category': 'carn', 'store_id': 'bonarea', 'quantity': '300 g', 'id': '6259e01d-d3ac-430c-8f90-bdb07ed641e3', 'created_at': '2025-05-22T14:18:18.481874'}] count=None
[2025-05-22 17:18:17] ✅ Successfully inserted: Gaspatxo de maduixa
[2025-05-22 17:18:17] ✅ Gaspatxo de maduixa — 1.25 (300 g)
[2025-05-22 17:18:17] Attempting to insert product: {'name': 'Hummus', 'price': 0.94, 'category': 'carn', 'store_id': 'bonarea', 'quantity': '200 g'}
[2025-05-22 17:18:18] Supabase Response: data=[{'name': 'Hummus', 'price': 0.94, 'category': 'carn', 'store_id': 'bonarea', 'quantity': '200 g', 'id': '248ec71c-57f7-4e03-ba28-96a3b3b96ad7', 'created_at': '2025-05-22T14:18:19.095505'}] count=None
[2025-05-22 17:18:18] ✅ Successfully inserted: Hummus
[2025-05-22 17:18:18] ✅ Hummus — 0.94 (200 g)
[2025-05-22 17:18:18] Attempting to insert product: {'name': 'Cap de llom filetejat a la planxa', 'price': 2.4, 'category': 'carn', 'store_id': 'bonarea', 'quantity': 'aprox. 198 g'}
[2025-05-22 17:18:18] Supabase Response: data=[{'name': 'Cap de llom filetejat a la planxa', 'price': 2.4, 'category': 'carn', 'store_id': 'bonarea', 'quantity': 'aprox. 198 g', 'id': 'c402c453-5a9d-4326-ab0f-67748d43ce43', 'created_at': '2025-05-22T14:18:19.711478'}] count=None
[2025-05-22 17:18:18] ✅ Successfully inserted: Cap de llom filetejat a la planxa
[2025-05-22 17:18:18] ✅ Cap de llom filetejat a la planxa — 2.4 (aprox. 198 g)
[2025-05-22 17:18:18] Attempting to insert product: {'name': "Conill d'espatlla d'anoll", 'price': 17.27, 'category': 'carn', 'store_id': 'bonarea', 'quantity': 'aprox. 1,6 kg'}
[2025-05-22 17:18:19] Supabase Response: data=[{'name': "Conill d'espatlla d'anoll", 'price': 17.27, 'category': 'carn', 'store_id': 'bonarea', 'quantity': 'aprox. 1,6 kg', 'id': '34a57af6-f96a-4116-9a82-b2b0db230d6b', 'created_at': '2025-05-22T14:18:20.347335'}] count=None
[2025-05-22 17:18:19] ✅ Successfully inserted: Conill d'espatlla d'anoll
[2025-05-22 17:18:19] ✅ Conill d'espatlla d'anoll — 17.27 (aprox. 1,6 kg)
[2025-05-22 17:18:19] Attempting to insert product: {'name': "Jarret d'anoll", 'price': 22.65, 'category': 'carn', 'store_id': 'bonarea', 'quantity': 'aprox. 2,0 kg'}
[2025-05-22 17:20:07] 🌐 Visiting: https://www.bonarea-online.com/online/begudes
[2025-05-22 17:20:13] 🔄 Scroll 1/20 — Products loaded: 24
[2025-05-22 17:20:18] 🔄 Scroll 2/20 — Products loaded: 24
[2025-05-22 17:20:20] 🛑 No new products loaded. Stopping scroll.
[2025-05-22 17:20:20] 🔎 Found 24 product(s) in category 'drinks'
[2025-05-22 17:20:21] Attempting to insert product: {'name': 'Gaspatxo', 'price': 2.85, 'category': 'drinks', 'store_id': 'bonarea', 'quantity': '1 l'}
[2025-05-22 17:20:21] Supabase Response: data=[{'name': 'Gaspatxo', 'price': 2.85, 'category': 'drinks', 'store_id': 'bonarea', 'quantity': '1 l', 'id': '1c82417e-6a79-404d-baa1-c34047dd6683', 'created_at': '2025-05-22T14:20:22.704688'}] count=None
[2025-05-22 17:20:21] ✅ Successfully inserted: Gaspatxo
[2025-05-22 17:20:21] ✅ Gaspatxo — 2.85 (1 l)
[2025-05-22 17:20:21] Attempting to insert product: {'name': 'Salmorejo', 'price': 3.15, 'category': 'drinks', 'store_id': 'bonarea', 'quantity': '1 l'}
[2025-05-22 17:20:22] Supabase Response: data=[{'name': 'Salmorejo', 'price': 3.15, 'category': 'drinks', 'store_id': 'bonarea', 'quantity': '1 l', 'id': 'e411bf15-ad26-4ee1-b954-b7fec0c1f487', 'created_at': '2025-05-22T14:20:23.21467'}] count=None
[2025-05-22 17:20:22] ✅ Successfully inserted: Salmorejo
[2025-05-22 17:20:22] ✅ Salmorejo — 3.15 (1 l)
[2025-05-22 17:20:22] Attempting to insert product: {'name': 'Gaspatxo bric', 'price': 1.95, 'category': 'drinks', 'store_id': 'bonarea', 'quantity': '1 l'}
[2025-05-22 17:20:22] Supabase Response: data=[{'name': 'Gaspatxo bric', 'price': 1.95, 'category': 'drinks', 'store_id': 'bonarea', 'quantity': '1 l', 'id': '7800a78c-551c-493a-9911-27abcc2be59c', 'created_at': '2025-05-22T14:20:23.814189'}] count=None
[2025-05-22 17:20:22] ✅ Successfully inserted: Gaspatxo bric
[2025-05-22 17:20:22] ✅ Gaspatxo bric — 1.95 (1 l)
[2025-05-22 17:20:23] Attempting to insert product: {'name': 'Salmorejo bric', 'price': 2.3, 'category': 'drinks', 'store_id': 'bonarea', 'quantity': '1 l'}
[2025-05-22 17:20:23] Supabase Response: data=[{'name': 'Salmorejo bric', 'price': 2.3, 'category': 'drinks', 'store_id': 'bonarea', 'quantity': '1 l', 'id': '0d697e45-44f7-4134-b4a9-dd92ef2e69bd', 'created_at': '2025-05-22T14:20:24.450096'}] count=None
[2025-05-22 17:20:23] ✅ Successfully inserted: Salmorejo bric
[2025-05-22 17:20:23] ✅ Salmorejo bric — 2.3 (1 l)
[2025-05-22 17:20:23] Attempting to insert product: {'name': 'Gaspatxo estil andalús', 'price': 1.1, 'category': 'drinks', 'store_id': 'bonarea', 'quantity': '300 g'}
[2025-05-22 17:20:23] Supabase Response: data=[{'name': 'Gaspatxo estil andalús', 'price': 1.1, 'category': 'drinks', 'store_id': 'bonarea', 'quantity': '300 g', 'id': '1dddf9b1-2edf-4f7c-8629-76d26603b87a', 'created_at': '2025-05-22T14:20:25.052588'}] count=None
[2025-05-22 17:20:23] ✅ Successfully inserted: Gaspatxo estil andalús
[2025-05-22 17:20:23] ✅ Gaspatxo estil andalús — 1.1 (300 g)
[2025-05-22 17:20:24] Attempting to insert product: {'name': 'Gaspatxo de maduixa', 'price': 1.25, 'category': 'drinks', 'store_id': 'bonarea', 'quantity': '300 g'}
[2025-05-22 17:20:24] Supabase Response: data=[{'name': 'Gaspatxo de maduixa', 'price': 1.25, 'category': 'drinks', 'store_id': 'bonarea', 'quantity': '300 g', 'id': '270701c4-9206-4eea-8478-633c9f2db3a3', 'created_at': '2025-05-22T14:20:25.678028'}] count=None
[2025-05-22 17:20:24] ✅ Successfully inserted: Gaspatxo de maduixa
[2025-05-22 17:20:24] ✅ Gaspatxo de maduixa — 1.25 (300 g)
[2025-05-22 17:20:24] Attempting to insert product: {'name': 'Hummus', 'price': 0.94, 'category': 'drinks', 'store_id': 'bonarea', 'quantity': '200 g'}
[2025-05-22 17:20:25] Supabase Response: data=[{'name': 'Hummus', 'price': 0.94, 'category': 'drinks', 'store_id': 'bonarea', 'quantity': '200 g', 'id': 'f878fd34-e566-4422-af35-8adcf1b41062', 'created_at': '2025-05-22T14:20:26.171009'}] count=None
[2025-05-22 17:20:25] ✅ Successfully inserted: Hummus
[2025-05-22 17:20:25] ✅ Hummus — 0.94 (200 g)
[2025-05-22 17:20:25] Attempting to insert product: {'name': 'Cap de llom filetejat a la planxa', 'price': 2.4, 'category': 'drinks', 'store_id': 'bonarea', 'quantity': 'aprox. 198 g'}
[2025-05-22 17:20:25] Supabase Response: data=[{'name': 'Cap de llom filetejat a la planxa', 'price': 2.4, 'category': 'drinks', 'store_id': 'bonarea', 'quantity': 'aprox. 198 g', 'id': '793c6726-a179-4dbf-9218-6d5d10f8b26f', 'created_at': '2025-05-22T14:20:26.80441'}] count=None
[2025-05-22 17:20:25] ✅ Successfully inserted: Cap de llom filetejat a la planxa
[2025-05-22 17:20:25] ✅ Cap de llom filetejat a la planxa — 2.4 (aprox. 198 g)
[2025-05-22 17:20:26] Attempting to insert product: {'name': "Conill d'espatlla d'anoll", 'price': 17.27, 'category': 'drinks', 'store_id': 'bonarea', 'quantity': 'aprox. 1,6 kg'}
[2025-05-22 17:20:26] Supabase Response: data=[{'name': "Conill d'espatlla d'anoll", 'price': 17.27, 'category': 'drinks', 'store_id': 'bonarea', 'quantity': 'aprox. 1,6 kg', 'id': '098a6dff-1d36-41ed-a9e1-5fedce8e38d9', 'created_at': '2025-05-22T14:20:27.40276'}] count=None
[2025-05-22 17:20:26] ✅ Successfully inserted: Conill d'espatlla d'anoll
[2025-05-22 17:20:26] ✅ Conill d'espatlla d'anoll — 17.27 (aprox. 1,6 kg)
[2025-05-22 17:20:26] Attempting to insert product: {'name': "Jarret d'anoll", 'price': 22.65, 'category': 'drinks', 'store_id': 'bonarea', 'quantity': 'aprox. 2,0 kg'}
[2025-05-22 17:20:26] Supabase Response: data=[{'name': "Jarret d'anoll", 'price': 22.65, 'category': 'drinks', 'store_id': 'bonarea', 'quantity': 'aprox. 2,0 kg', 'id': 'b0ed69fe-fb55-4903-bd57-70cbdd1e4545', 'created_at': '2025-05-22T14:20:27.988086'}] count=None
[2025-05-22 17:20:26] ✅ Successfully inserted: Jarret d'anoll
[2025-05-22 17:20:26] ✅ Jarret d'anoll — 22.65 (aprox. 2,0 kg)
[2025-05-22 17:20:27] Attempting to insert product: {'name': 'Mixt de bull negre i donegal', 'price': 1.1, 'category': 'drinks', 'store_id': 'bonarea', 'quantity': 'aprox. 143 g'}
[2025-05-22 17:20:27] Supabase Response: data=[{'name': 'Mixt de bull negre i donegal', 'price': 1.1, 'category': 'drinks', 'store_id': 'bonarea', 'quantity': 'aprox. 143 g', 'id': '949eb09a-735f-49bd-bfb8-d1b24ba51be8', 'created_at': '2025-05-22T14:20:28.542592'}] count=None
[2025-05-22 17:20:27] ✅ Successfully inserted: Mixt de bull negre i donegal
[2025-05-22 17:20:27] ✅ Mixt de bull negre i donegal — 1.1 (aprox. 143 g)
[2025-05-22 17:20:27] Attempting to insert product: {'name': 'Càpsules Nescafé Dolce Gusto espresso intens', 'price': 4.25, 'category': 'drinks', 'store_id': 'bonarea', 'quantity': '16 u.'}
[2025-05-22 17:20:28] Supabase Response: data=[{'name': 'Càpsules Nescafé Dolce Gusto espresso intens', 'price': 4.25, 'category': 'drinks', 'store_id': 'bonarea', 'quantity': '16 u.', 'id': '190edebc-9788-47f9-9847-67f099ec720c', 'created_at': '2025-05-22T14:20:29.141101'}] count=None
[2025-05-22 17:20:28] ✅ Successfully inserted: Càpsules Nescafé Dolce Gusto espresso intens
[2025-05-22 17:20:28] ✅ Càpsules Nescafé Dolce Gusto espresso intens — 4.25 (16 u.)
[2025-05-22 17:20:28] Attempting to insert product: {'name': 'Salmó adults', 'price': 13.8, 'category': 'drinks', 'store_id': 'bonarea', 'quantity': '10 kg'}
[2025-05-22 17:20:28] Supabase Response: data=[{'name': 'Salmó adults', 'price': 13.8, 'category': 'drinks', 'store_id': 'bonarea', 'quantity': '10 kg', 'id': '99cf33d7-2d5e-4880-bcbd-7e2b437df97a', 'created_at': '2025-05-22T14:20:29.77818'}] count=None
[2025-05-22 17:20:28] ✅ Successfully inserted: Salmó adults
[2025-05-22 17:20:28] ✅ Salmó adults — 13.8 (10 kg)
[2025-05-22 17:20:29] ⚠️ Already exists: Salmó adults
[2025-05-22 17:20:29] Attempting to insert product: {'name': 'Original adults', 'price': 13.6, 'category': 'drinks', 'store_id': 'bonarea', 'quantity': '10 kg'}
[2025-05-22 17:20:29] Supabase Response: data=[{'name': 'Original adults', 'price': 13.6, 'category': 'drinks', 'store_id': 'bonarea', 'quantity': '10 kg', 'id': '77e32d38-ab29-4943-adb4-d6b31457d6e4', 'created_at': '2025-05-22T14:20:30.674543'}] count=None
[2025-05-22 17:20:29] ✅ Successfully inserted: Original adults
[2025-05-22 17:20:29] ✅ Original adults — 13.6 (10 kg)
[2025-05-22 17:20:29] ⚠️ Already exists: Original adults
[2025-05-22 17:20:30] Attempting to insert product: {'name': 'Junior 2-12 mesos', 'price': 15.9, 'category': 'drinks', 'store_id': 'bonarea', 'quantity': '10 kg'}
[2025-05-22 17:20:30] Supabase Response: data=[{'name': 'Junior 2-12 mesos', 'price': 15.9, 'category': 'drinks', 'store_id': 'bonarea', 'quantity': '10 kg', 'id': '7e6851dd-67a6-4d7d-b7c9-740f09a60b8e', 'created_at': '2025-05-22T14:20:31.598951'}] count=None
[2025-05-22 17:20:30] ✅ Successfully inserted: Junior 2-12 mesos
[2025-05-22 17:20:30] ✅ Junior 2-12 mesos — 15.9 (10 kg)
[2025-05-22 17:20:30] ⚠️ Already exists: Junior 2-12 mesos
[2025-05-22 17:20:31] Attempting to insert product: {'name': 'Pit de pollastre groc sencer', 'price': 4.54, 'category': 'drinks', 'store_id': 'bonarea', 'quantity': 'aprox. 693 g'}
[2025-05-22 17:20:31] Supabase Response: data=[{'name': 'Pit de pollastre groc sencer', 'price': 4.54, 'category': 'drinks', 'store_id': 'bonarea', 'quantity': 'aprox. 693 g', 'id': '6c4b83cf-d9c7-43d3-95ee-814295c7a54c', 'created_at': '2025-05-22T14:20:32.538377'}] count=None
[2025-05-22 17:20:31] ✅ Successfully inserted: Pit de pollastre groc sencer
[2025-05-22 17:20:31] ✅ Pit de pollastre groc sencer — 4.54 (aprox. 693 g)
[2025-05-22 17:20:31] Attempting to insert product: {'name': 'Pernilets de pollastre groc', 'price': 3.64, 'category': 'drinks', 'store_id': 'bonarea', 'quantity': 'aprox. 1,0 kg'}
[2025-05-22 17:20:32] Supabase Response: data=[{'name': 'Pernilets de pollastre groc', 'price': 3.64, 'category': 'drinks', 'store_id': 'bonarea', 'quantity': 'aprox. 1,0 kg', 'id': '5da573b3-8817-4999-8b1d-29539cfbdac3', 'created_at': '2025-05-22T14:20:33.136178'}] count=None
[2025-05-22 17:20:32] ✅ Successfully inserted: Pernilets de pollastre groc
[2025-05-22 17:20:32] ✅ Pernilets de pollastre groc — 3.64 (aprox. 1,0 kg)
[2025-05-22 17:20:32] Attempting to insert product: {'name': 'Pit de pollastre blanc sencer', 'price': 4.68, 'category': 'drinks', 'store_id': 'bonarea', 'quantity': 'aprox. 715 g'}
[2025-05-22 17:20:32] Supabase Response: data=[{'name': 'Pit de pollastre blanc sencer', 'price': 4.68, 'category': 'drinks', 'store_id': 'bonarea', 'quantity': 'aprox. 715 g', 'id': '6d288650-0b1c-44a3-bf4e-e10163375eaa', 'created_at': '2025-05-22T14:20:33.756296'}] count=None
[2025-05-22 17:20:32] ✅ Successfully inserted: Pit de pollastre blanc sencer
[2025-05-22 17:20:32] ✅ Pit de pollastre blanc sencer — 4.68 (aprox. 715 g)
[2025-05-22 17:20:33] Attempting to insert product: {'name': 'Pernilets de pollastre blanc', 'price': 3.8, 'category': 'drinks', 'store_id': 'bonarea', 'quantity': 'aprox. 1,1 kg'}
[2025-05-22 17:20:33] Supabase Response: data=[{'name': 'Pernilets de pollastre blanc', 'price': 3.8, 'category': 'drinks', 'store_id': 'bonarea', 'quantity': 'aprox. 1,1 kg', 'id': '101d3b0f-663f-40d2-9c02-875e6dc9c21d', 'created_at': '2025-05-22T14:20:34.364209'}] count=None
[2025-05-22 17:20:33] ✅ Successfully inserted: Pernilets de pollastre blanc
[2025-05-22 17:20:33] ✅ Pernilets de pollastre blanc — 3.8 (aprox. 1,1 kg)
[2025-05-22 17:20:33] Attempting to insert product: {'name': 'Pit de pollastre groc filetejat', 'price': 4.69, 'category': 'drinks', 'store_id': 'bonarea', 'quantity': 'aprox. 660 g'}
[2025-05-22 17:20:33] Supabase Response: data=[{'name': 'Pit de pollastre groc filetejat', 'price': 4.69, 'category': 'drinks', 'store_id': 'bonarea', 'quantity': 'aprox. 660 g', 'id': '205a6266-b1c0-453b-a973-2cd7250268b0', 'created_at': '2025-05-22T14:20:35.001216'}] count=None
[2025-05-22 17:20:33] ✅ Successfully inserted: Pit de pollastre groc filetejat
[2025-05-22 17:20:33] ✅ Pit de pollastre groc filetejat — 4.69 (aprox. 660 g)
[2025-05-22 17:20:34] Attempting to insert product: {'name': 'Pit de pollastre sencer 65% cereals', 'price': 4.57, 'category': 'drinks', 'store_id': 'bonarea', 'quantity': 'aprox. 605 g'}
[2025-05-22 17:20:34] Supabase Response: data=[{'name': 'Pit de pollastre sencer 65% cereals', 'price': 4.57, 'category': 'drinks', 'store_id': 'bonarea', 'quantity': 'aprox. 605 g', 'id': '99942591-379a-4801-85a5-366c02fa71a7', 'created_at': '2025-05-22T14:20:35.491738'}] count=None
[2025-05-22 17:20:34] ✅ Successfully inserted: Pit de pollastre sencer 65% cereals
[2025-05-22 17:20:34] ✅ Pit de pollastre sencer 65% cereals — 4.57 (aprox. 605 g)
[2025-05-22 17:20:35] 🌐 Visiting: https://www.bonarea-online.com/online/dolcos
[2025-05-22 17:20:40] 🔄 Scroll 1/20 — Products loaded: 24
[2025-05-22 17:20:45] 🔄 Scroll 2/20 — Products loaded: 24
[2025-05-22 17:20:47] 🛑 No new products loaded. Stopping scroll.
[2025-05-22 17:20:47] 🔎 Found 24 product(s) in category 'sweets'
[2025-05-22 17:20:48] ⚠️ Already exists: Gaspatxo
[2025-05-22 17:20:48] ⚠️ Already exists: Salmorejo
[2025-05-22 17:20:49] ⚠️ Already exists: Gaspatxo bric
[2025-05-22 17:20:49] ⚠️ Already exists: Salmorejo bric
[2025-05-22 17:20:49] ⚠️ Already exists: Gaspatxo estil andalús
[2025-05-22 17:20:49] ⚠️ Already exists: Gaspatxo de maduixa
[2025-05-22 17:20:50] ⚠️ Already exists: Hummus
[2025-05-22 17:20:50] ⚠️ Already exists: Cap de llom filetejat a la planxa
[2025-05-22 17:20:50] ⚠️ Already exists: Conill d'espatlla d'anoll
[2025-05-22 17:20:51] ⚠️ Already exists: Jarret d'anoll
[2025-05-22 17:20:51] ⚠️ Already exists: Mixt de bull negre i donegal
[2025-05-22 17:20:51] ⚠️ Already exists: Càpsules Nescafé Dolce Gusto espresso intens
[2025-05-22 17:20:52] ⚠️ Already exists: Salmó adults
[2025-05-22 17:20:52] ⚠️ Already exists: Salmó adults
[2025-05-22 17:20:52] ⚠️ Already exists: Original adults
[2025-05-22 17:20:52] ⚠️ Already exists: Original adults
[2025-05-22 17:20:53] ⚠️ Already exists: Junior 2-12 mesos
[2025-05-22 17:20:53] ⚠️ Already exists: Junior 2-12 mesos
[2025-05-22 17:20:54] ⚠️ Already exists: Pit de pollastre groc sencer
[2025-05-22 17:20:54] ⚠️ Already exists: Pernilets de pollastre groc
[2025-05-22 17:20:54] ⚠️ Already exists: Pit de pollastre blanc sencer
[2025-05-22 17:20:54] ⚠️ Already exists: Pernilets de pollastre blanc
[2025-05-22 17:20:55] ⚠️ Already exists: Pit de pollastre groc filetejat
[2025-05-22 17:20:55] ⚠️ Already exists: Pit de pollastre sencer 65% cereals
[2025-05-22 17:20:56] 🌐 Visiting: https://www.bonarea-online.com/online/congelats
[2025-05-22 17:21:02] 🔄 Scroll 1/20 — Products loaded: 24
[2025-05-22 17:21:06] 🔄 Scroll 2/20 — Products loaded: 24
[2025-05-22 17:21:09] 🛑 No new products loaded. Stopping scroll.
[2025-05-22 17:21:09] 🔎 Found 24 product(s) in category 'frozen'
[2025-05-22 17:21:09] ⚠️ Already exists: Gaspatxo
[2025-05-22 17:21:10] ⚠️ Already exists: Salmorejo
[2025-05-22 17:21:10] ⚠️ Already exists: Gaspatxo bric
[2025-05-22 17:21:10] ⚠️ Already exists: Salmorejo bric
[2025-05-22 17:21:11] ⚠️ Already exists: Gaspatxo estil andalús
[2025-05-22 17:21:11] ⚠️ Already exists: Gaspatxo de maduixa
[2025-05-22 17:21:11] ⚠️ Already exists: Hummus
[2025-05-22 17:21:12] ⚠️ Already exists: Cap de llom filetejat a la planxa
[2025-05-22 17:21:12] ⚠️ Already exists: Conill d'espatlla d'anoll
[2025-05-22 17:21:12] ⚠️ Already exists: Jarret d'anoll
[2025-05-22 17:21:13] ⚠️ Already exists: Mixt de bull negre i donegal
[2025-05-22 17:21:13] ⚠️ Already exists: Càpsules Nescafé Dolce Gusto espresso intens
[2025-05-22 17:21:13] ⚠️ Already exists: Salmó adults
[2025-05-22 17:21:13] ⚠️ Already exists: Salmó adults
[2025-05-22 17:21:14] ⚠️ Already exists: Original adults
[2025-05-22 17:21:14] ⚠️ Already exists: Original adults
[2025-05-22 17:21:15] ⚠️ Already exists: Junior 2-12 mesos
[2025-05-22 17:21:15] ⚠️ Already exists: Junior 2-12 mesos
[2025-05-22 17:21:15] ⚠️ Already exists: Pit de pollastre groc sencer
[2025-05-22 17:21:16] ⚠️ Already exists: Pernilets de pollastre groc
[2025-05-22 17:21:16] ⚠️ Already exists: Pit de pollastre blanc sencer
[2025-05-22 17:21:16] ⚠️ Already exists: Pernilets de pollastre blanc
[2025-05-22 17:21:17] ⚠️ Already exists: Pit de pollastre groc filetejat
[2025-05-22 17:21:17] ⚠️ Already exists: Pit de pollastre sencer 65% cereals
[2025-05-22 17:21:18] 🌐 Visiting: https://www.bonarea-online.com/online/neteja-llar
[2025-05-22 17:21:23] 🔄 Scroll 1/20 — Products loaded: 24
[2025-05-22 17:21:28] 🔄 Scroll 2/20 — Products loaded: 24
[2025-05-22 17:21:30] 🛑 No new products loaded. Stopping scroll.
[2025-05-22 17:21:30] 🔎 Found 24 product(s) in category 'cleaning'
[2025-05-22 17:21:31] ⚠️ Already exists: Gaspatxo
[2025-05-22 17:21:31] ⚠️ Already exists: Salmorejo
[2025-05-22 17:21:32] ⚠️ Already exists: Gaspatxo bric
[2025-05-22 17:21:32] ⚠️ Already exists: Salmorejo bric
[2025-05-22 17:21:32] ⚠️ Already exists: Gaspatxo estil andalús
[2025-05-22 17:21:33] ⚠️ Already exists: Gaspatxo de maduixa
[2025-05-22 17:21:33] ⚠️ Already exists: Hummus
[2025-05-22 17:21:33] ⚠️ Already exists: Cap de llom filetejat a la planxa
[2025-05-22 17:21:34] ⚠️ Already exists: Conill d'espatlla d'anoll
[2025-05-22 17:21:34] ⚠️ Already exists: Jarret d'anoll
[2025-05-22 17:21:34] ⚠️ Already exists: Mixt de bull negre i donegal
[2025-05-22 17:21:35] ⚠️ Already exists: Càpsules Nescafé Dolce Gusto espresso intens
[2025-05-22 17:21:35] ⚠️ Already exists: Salmó adults
[2025-05-22 17:21:36] ⚠️ Already exists: Salmó adults
[2025-05-22 17:21:36] ⚠️ Already exists: Original adults
[2025-05-22 17:21:36] ⚠️ Already exists: Original adults
[2025-05-22 17:21:37] ⚠️ Already exists: Junior 2-12 mesos
[2025-05-22 17:21:37] ⚠️ Already exists: Junior 2-12 mesos
[2025-05-22 17:21:37] ⚠️ Already exists: Pit de pollastre groc sencer
[2025-05-22 17:21:38] ⚠️ Already exists: Pernilets de pollastre groc
[2025-05-22 17:21:38] ⚠️ Already exists: Pit de pollastre blanc sencer
[2025-05-22 17:21:38] ⚠️ Already exists: Pernilets de pollastre blanc
[2025-05-22 17:21:39] ⚠️ Already exists: Pit de pollastre groc filetejat
[2025-05-22 17:21:39] ⚠️ Already exists: Pit de pollastre sencer 65% cereals
[2025-05-22 17:21:40] 🌐 Visiting: https://www.bonarea-online.com/online/alimentacio-infantil
[2025-05-22 17:21:46] 🔄 Scroll 1/20 — Products loaded: 24
[2025-05-22 17:21:50] 🔄 Scroll 2/20 — Products loaded: 24
[2025-05-22 17:21:52] 🛑 No new products loaded. Stopping scroll.
[2025-05-22 17:21:52] 🔎 Found 24 product(s) in category 'baby'
[2025-05-22 17:21:54] ⚠️ Already exists: Gaspatxo
[2025-05-22 17:21:54] ⚠️ Already exists: Salmorejo
[2025-05-22 17:21:54] ⚠️ Already exists: Gaspatxo bric
[2025-05-22 17:21:54] ⚠️ Already exists: Salmorejo bric
[2025-05-22 17:21:55] ⚠️ Already exists: Gaspatxo estil andalús
[2025-05-22 17:21:55] ⚠️ Already exists: Gaspatxo de maduixa
[2025-05-22 17:21:55] ⚠️ Already exists: Hummus
[2025-05-22 17:21:56] ⚠️ Already exists: Cap de llom filetejat a la planxa
[2025-05-22 17:21:56] ⚠️ Already exists: Conill d'espatlla d'anoll
[2025-05-22 17:21:56] ⚠️ Already exists: Jarret d'anoll
[2025-05-22 17:21:57] ⚠️ Already exists: Mixt de bull negre i donegal
[2025-05-22 17:21:57] ⚠️ Already exists: Càpsules Nescafé Dolce Gusto espresso intens
[2025-05-22 17:21:57] ⚠️ Already exists: Salmó adults
[2025-05-22 17:21:58] ⚠️ Already exists: Salmó adults
[2025-05-22 17:21:58] ⚠️ Already exists: Original adults
[2025-05-22 17:21:58] ⚠️ Already exists: Original adults
[2025-05-22 17:21:58] ⚠️ Already exists: Junior 2-12 mesos
[2025-05-22 17:21:59] ⚠️ Already exists: Junior 2-12 mesos
[2025-05-22 17:21:59] ⚠️ Already exists: Pit de pollastre groc sencer
[2025-05-22 17:21:59] ⚠️ Already exists: Pernilets de pollastre groc
[2025-05-22 17:22:00] ⚠️ Already exists: Pit de pollastre blanc sencer
[2025-05-22 17:22:00] ⚠️ Already exists: Pernilets de pollastre blanc
[2025-05-22 17:22:00] ⚠️ Already exists: Pit de pollastre groc filetejat
[2025-05-22 17:22:01] ⚠️ Already exists: Pit de pollastre sencer 65% cereals
[2025-05-22 17:22:01] 🌐 Visiting: https://www.bonarea-online.com/online/carns
[2025-05-22 17:22:07] 🔄 Scroll 1/20 — Products loaded: 24
[2025-05-22 17:22:11] 🔄 Scroll 2/20 — Products loaded: 24
[2025-05-22 17:22:14] 🛑 No new products loaded. Stopping scroll.
[2025-05-22 17:22:14] 🔎 Found 24 product(s) in category 'meat'
[2025-05-22 17:22:14] ⚠️ Already exists: Gaspatxo
[2025-05-22 17:22:15] ⚠️ Already exists: Salmorejo
[2025-05-22 17:22:15] ⚠️ Already exists: Gaspatxo bric
[2025-05-22 17:22:15] ⚠️ Already exists: Salmorejo bric
[2025-05-22 17:22:16] ⚠️ Already exists: Gaspatxo estil andalús
[2025-05-22 17:22:16] ⚠️ Already exists: Gaspatxo de maduixa
[2025-05-22 17:22:16] ⚠️ Already exists: Hummus
[2025-05-22 17:22:17] ⚠️ Already exists: Cap de llom filetejat a la planxa
[2025-05-22 17:22:17] ⚠️ Already exists: Conill d'espatlla d'anoll
[2025-05-22 17:22:17] ⚠️ Already exists: Jarret d'anoll
[2025-05-22 17:22:18] ⚠️ Already exists: Mixt de bull negre i donegal
[2025-05-22 17:22:18] ⚠️ Already exists: Càpsules Nescafé Dolce Gusto espresso intens
[2025-05-22 17:22:18] ⚠️ Already exists: Salmó adults
[2025-05-22 17:22:18] ⚠️ Already exists: Salmó adults
[2025-05-22 17:22:19] ⚠️ Already exists: Original adults
[2025-05-22 17:22:19] ⚠️ Already exists: Original adults
[2025-05-22 17:22:19] ⚠️ Already exists: Junior 2-12 mesos
[2025-05-22 17:22:20] ⚠️ Already exists: Junior 2-12 mesos
[2025-05-22 17:22:20] ⚠️ Already exists: Pit de pollastre groc sencer
[2025-05-22 17:22:20] ⚠️ Already exists: Pernilets de pollastre groc
[2025-05-22 17:22:20] ⚠️ Already exists: Pit de pollastre blanc sencer
[2025-05-22 17:22:21] ⚠️ Already exists: Pernilets de pollastre blanc
[2025-05-22 17:22:21] ⚠️ Already exists: Pit de pollastre groc filetejat
[2025-05-22 17:22:21] ⚠️ Already exists: Pit de pollastre sencer 65% cereals
[2025-05-22 17:22:22] 🌐 Visiting: https://www.bonarea-online.com/online/ous
[2025-05-22 17:22:28] 🔄 Scroll 1/20 — Products loaded: 24
[2025-05-22 17:22:32] 🔄 Scroll 2/20 — Products loaded: 24
[2025-05-22 17:22:35] 🛑 No new products loaded. Stopping scroll.
[2025-05-22 17:22:35] 🔎 Found 24 product(s) in category 'eggs'
[2025-05-22 17:22:35] ⚠️ Already exists: Gaspatxo
[2025-05-22 17:22:36] ⚠️ Already exists: Salmorejo
[2025-05-22 17:22:36] ⚠️ Already exists: Gaspatxo bric
[2025-05-22 17:22:36] ⚠️ Already exists: Salmorejo bric
[2025-05-22 17:22:36] ⚠️ Already exists: Gaspatxo estil andalús
[2025-05-22 17:22:37] ⚠️ Already exists: Gaspatxo de maduixa
[2025-05-22 17:22:37] ⚠️ Already exists: Hummus
[2025-05-22 17:22:37] ⚠️ Already exists: Cap de llom filetejat a la planxa
[2025-05-22 17:22:38] ⚠️ Already exists: Conill d'espatlla d'anoll
[2025-05-22 17:22:38] ⚠️ Already exists: Jarret d'anoll
[2025-05-22 17:22:38] ⚠️ Already exists: Mixt de bull negre i donegal
[2025-05-22 17:22:39] ⚠️ Already exists: Càpsules Nescafé Dolce Gusto espresso intens
[2025-05-22 17:22:39] ⚠️ Already exists: Salmó adults
[2025-05-22 17:22:39] ⚠️ Already exists: Salmó adults
[2025-05-22 17:22:40] ⚠️ Already exists: Original adults
[2025-05-22 17:22:40] ⚠️ Already exists: Original adults
[2025-05-22 17:22:40] ⚠️ Already exists: Junior 2-12 mesos
[2025-05-22 17:22:40] ⚠️ Already exists: Junior 2-12 mesos
[2025-05-22 17:22:41] ⚠️ Already exists: Pit de pollastre groc sencer
[2025-05-22 17:22:41] ⚠️ Already exists: Pernilets de pollastre groc
[2025-05-22 17:22:41] ⚠️ Already exists: Pit de pollastre blanc sencer
[2025-05-22 17:22:42] ⚠️ Already exists: Pernilets de pollastre blanc
[2025-05-22 17:22:42] ⚠️ Already exists: Pit de pollastre groc filetejat
[2025-05-22 17:22:42] ⚠️ Already exists: Pit de pollastre sencer 65% cereals
[2025-05-22 17:22:43] 🌐 Visiting: https://www.bonarea-online.com/online/embotits
[2025-05-22 17:22:49] 🔄 Scroll 1/20 — Products loaded: 24
[2025-05-22 17:22:53] 🔄 Scroll 2/20 — Products loaded: 24
[2025-05-22 17:22:56] 🛑 No new products loaded. Stopping scroll.
[2025-05-22 17:22:56] 🔎 Found 24 product(s) in category 'sausages'
[2025-05-22 17:22:56] ⚠️ Already exists: Gaspatxo
[2025-05-22 17:22:56] ⚠️ Already exists: Salmorejo
[2025-05-22 17:22:57] ⚠️ Already exists: Gaspatxo bric
[2025-05-22 17:22:57] ⚠️ Already exists: Salmorejo bric
[2025-05-22 17:22:57] ⚠️ Already exists: Gaspatxo estil andalús
[2025-05-22 17:22:58] ⚠️ Already exists: Gaspatxo de maduixa
[2025-05-22 17:22:58] ⚠️ Already exists: Hummus
[2025-05-22 17:22:58] ⚠️ Already exists: Cap de llom filetejat a la planxa
[2025-05-22 17:22:59] ⚠️ Already exists: Conill d'espatlla d'anoll
[2025-05-22 17:22:59] ⚠️ Already exists: Jarret d'anoll
[2025-05-22 17:22:59] ⚠️ Already exists: Mixt de bull negre i donegal
[2025-05-22 17:23:00] ⚠️ Already exists: Càpsules Nescafé Dolce Gusto espresso intens
[2025-05-22 17:23:00] ⚠️ Already exists: Salmó adults
[2025-05-22 17:23:00] ⚠️ Already exists: Salmó adults
[2025-05-22 17:23:00] ⚠️ Already exists: Original adults
[2025-05-22 17:23:01] ⚠️ Already exists: Original adults
[2025-05-22 17:23:01] ⚠️ Already exists: Junior 2-12 mesos
[2025-05-22 17:23:02] ⚠️ Already exists: Junior 2-12 mesos
[2025-05-22 17:23:02] ⚠️ Already exists: Pit de pollastre groc sencer
[2025-05-22 17:23:02] ⚠️ Already exists: Pernilets de pollastre groc
[2025-05-22 17:23:02] ⚠️ Already exists: Pit de pollastre blanc sencer
[2025-05-22 17:23:03] ⚠️ Already exists: Pernilets de pollastre blanc
[2025-05-22 17:23:03] ⚠️ Already exists: Pit de pollastre groc filetejat
[2025-05-22 17:23:03] ⚠️ Already exists: Pit de pollastre sencer 65% cereals
[2025-05-22 17:23:04] 🌐 Visiting: https://www.bonarea-online.com/online/peix-i-marisc
[2025-05-22 17:23:10] 🔄 Scroll 1/20 — Products loaded: 24
[2025-05-22 17:23:15] 🔄 Scroll 2/20 — Products loaded: 24
[2025-05-22 17:23:17] 🛑 No new products loaded. Stopping scroll.
[2025-05-22 17:23:17] 🔎 Found 24 product(s) in category 'fish'
[2025-05-22 17:23:18] ⚠️ Already exists: Gaspatxo
[2025-05-22 17:23:18] ⚠️ Already exists: Salmorejo
[2025-05-22 17:23:18] ⚠️ Already exists: Gaspatxo bric
[2025-05-22 17:23:19] ⚠️ Already exists: Salmorejo bric
[2025-05-22 17:23:19] ⚠️ Already exists: Gaspatxo estil andalús
[2025-05-22 17:23:19] ⚠️ Already exists: Gaspatxo de maduixa
[2025-05-22 17:23:20] ⚠️ Already exists: Hummus
[2025-05-22 17:23:20] ⚠️ Already exists: Cap de llom filetejat a la planxa
[2025-05-22 17:23:20] ⚠️ Already exists: Conill d'espatlla d'anoll
[2025-05-22 17:23:21] ⚠️ Already exists: Jarret d'anoll
[2025-05-22 17:23:27] 🌐 Visiting: https://www.bonarea-online.com/online/begudes?page=1
[2025-05-22 17:23:33] 🔄 Scroll 1/5 — Products loaded: 24
[2025-05-22 17:23:37] 🔄 Scroll 2/5 — Products loaded: 24
[2025-05-22 17:23:40] 🛑 No new products loaded. Stopping scroll.
[2025-05-22 17:23:40] 🔎 Found 24 product(s) in category 'drinks'
[2025-05-22 17:23:40] Attempting to insert product: {'name': 'Gaspatxo', 'price': 2.85, 'category': 'drinks', 'store_id': 'bonarea', 'quantity': '1 l'}
[2025-05-22 17:23:41] Supabase Response: data=[{'name': 'Gaspatxo', 'price': 2.85, 'category': 'drinks', 'store_id': 'bonarea', 'quantity': '1 l', 'id': 'eadb1eb5-b0b9-4c88-ac88-a69b27c8b9bf', 'created_at': '2025-05-22T14:23:42.090381'}] count=None
[2025-05-22 17:23:41] ✅ Successfully inserted: Gaspatxo
[2025-05-22 17:23:41] ✅ Gaspatxo — 2.85 (1 l)
[2025-05-22 17:23:41] Attempting to insert product: {'name': 'Salmorejo', 'price': 3.15, 'category': 'drinks', 'store_id': 'bonarea', 'quantity': '1 l'}
[2025-05-22 17:23:41] Supabase Response: data=[{'name': 'Salmorejo', 'price': 3.15, 'category': 'drinks', 'store_id': 'bonarea', 'quantity': '1 l', 'id': '5c46bb04-021c-4073-ad1f-46e218d8feee', 'created_at': '2025-05-22T14:23:42.676638'}] count=None
[2025-05-22 17:23:41] ✅ Successfully inserted: Salmorejo
[2025-05-22 17:23:41] ✅ Salmorejo — 3.15 (1 l)
[2025-05-22 17:23:41] Attempting to insert product: {'name': 'Gaspatxo bric', 'price': 1.95, 'category': 'drinks', 'store_id': 'bonarea', 'quantity': '1 l'}
[2025-05-22 17:23:42] Supabase Response: data=[{'name': 'Gaspatxo bric', 'price': 1.95, 'category': 'drinks', 'store_id': 'bonarea', 'quantity': '1 l', 'id': '4cbd51c7-abfd-4be4-8644-02991c3481a0', 'created_at': '2025-05-22T14:23:43.300064'}] count=None
[2025-05-22 17:23:42] ✅ Successfully inserted: Gaspatxo bric
[2025-05-22 17:23:42] ✅ Gaspatxo bric — 1.95 (1 l)
[2025-05-22 17:23:42] Attempting to insert product: {'name': 'Salmorejo bric', 'price': 2.3, 'category': 'drinks', 'store_id': 'bonarea', 'quantity': '1 l'}
[2025-05-22 17:23:42] Supabase Response: data=[{'name': 'Salmorejo bric', 'price': 2.3, 'category': 'drinks', 'store_id': 'bonarea', 'quantity': '1 l', 'id': '731dfe54-4a21-44fa-b711-0eaa54e3184d', 'created_at': '2025-05-22T14:23:43.906693'}] count=None
[2025-05-22 17:23:42] ✅ Successfully inserted: Salmorejo bric
[2025-05-22 17:23:42] ✅ Salmorejo bric — 2.3 (1 l)
[2025-05-22 17:23:43] Attempting to insert product: {'name': 'Gaspatxo estil andalús', 'price': 1.1, 'category': 'drinks', 'store_id': 'bonarea', 'quantity': '300 g'}
[2025-05-22 17:23:43] Supabase Response: data=[{'name': 'Gaspatxo estil andalús', 'price': 1.1, 'category': 'drinks', 'store_id': 'bonarea', 'quantity': '300 g', 'id': '7c073fa0-b89e-4fff-8778-9d2be3cfbd7a', 'created_at': '2025-05-22T14:23:44.521455'}] count=None
[2025-05-22 17:23:43] ✅ Successfully inserted: Gaspatxo estil andalús
[2025-05-22 17:23:43] ✅ Gaspatxo estil andalús — 1.1 (300 g)
[2025-05-22 17:23:43] Attempting to insert product: {'name': 'Gaspatxo de maduixa', 'price': 1.25, 'category': 'drinks', 'store_id': 'bonarea', 'quantity': '300 g'}
[2025-05-22 17:23:44] Supabase Response: data=[{'name': 'Gaspatxo de maduixa', 'price': 1.25, 'category': 'drinks', 'store_id': 'bonarea', 'quantity': '300 g', 'id': 'a707fc82-7636-4d45-bd69-08a9aa558e8b', 'created_at': '2025-05-22T14:23:45.1388'}] count=None
[2025-05-22 17:23:44] ✅ Successfully inserted: Gaspatxo de maduixa
[2025-05-22 17:23:44] ✅ Gaspatxo de maduixa — 1.25 (300 g)
[2025-05-22 17:23:44] Attempting to insert product: {'name': 'Hummus', 'price': 0.94, 'category': 'drinks', 'store_id': 'bonarea', 'quantity': '200 g'}
[2025-05-22 17:23:44] Supabase Response: data=[{'name': 'Hummus', 'price': 0.94, 'category': 'drinks', 'store_id': 'bonarea', 'quantity': '200 g', 'id': '502a807c-1a98-4f4b-bdf3-1d04360a9726', 'created_at': '2025-05-22T14:23:45.780862'}] count=None
[2025-05-22 17:23:44] ✅ Successfully inserted: Hummus
[2025-05-22 17:23:44] ✅ Hummus — 0.94 (200 g)
[2025-05-22 17:23:45] Attempting to insert product: {'name': 'Cap de llom filetejat a la planxa', 'price': 2.4, 'category': 'drinks', 'store_id': 'bonarea', 'quantity': 'aprox. 198 g'}
[2025-05-22 17:23:45] Supabase Response: data=[{'name': 'Cap de llom filetejat a la planxa', 'price': 2.4, 'category': 'drinks', 'store_id': 'bonarea', 'quantity': 'aprox. 198 g', 'id': 'f0b7708b-0c87-4c4f-b248-3722f5843f5f', 'created_at': '2025-05-22T14:23:46.371546'}] count=None
[2025-05-22 17:23:45] ✅ Successfully inserted: Cap de llom filetejat a la planxa
[2025-05-22 17:23:45] ✅ Cap de llom filetejat a la planxa — 2.4 (aprox. 198 g)
[2025-05-22 17:23:45] Attempting to insert product: {'name': "Conill d'espatlla d'anoll", 'price': 17.27, 'category': 'drinks', 'store_id': 'bonarea', 'quantity': 'aprox. 1,6 kg'}
[2025-05-22 17:23:45] Supabase Response: data=[{'name': "Conill d'espatlla d'anoll", 'price': 17.27, 'category': 'drinks', 'store_id': 'bonarea', 'quantity': 'aprox. 1,6 kg', 'id': '06f30154-491d-42a2-bb86-5ec47f8a1670', 'created_at': '2025-05-22T14:23:46.998747'}] count=None
[2025-05-22 17:23:45] ✅ Successfully inserted: Conill d'espatlla d'anoll
[2025-05-22 17:23:45] ✅ Conill d'espatlla d'anoll — 17.27 (aprox. 1,6 kg)
[2025-05-22 17:23:46] Attempting to insert product: {'name': "Jarret d'anoll", 'price': 22.65, 'category': 'drinks', 'store_id': 'bonarea', 'quantity': 'aprox. 2,0 kg'}
[2025-05-22 17:23:46] Supabase Response: data=[{'name': "Jarret d'anoll", 'price': 22.65, 'category': 'drinks', 'store_id': 'bonarea', 'quantity': 'aprox. 2,0 kg', 'id': '1ee99ba5-01aa-4e91-a983-287e0785364a', 'created_at': '2025-05-22T14:23:47.597544'}] count=None
[2025-05-22 17:23:46] ✅ Successfully inserted: Jarret d'anoll
[2025-05-22 17:23:46] ✅ Jarret d'anoll — 22.65 (aprox. 2,0 kg)
[2025-05-22 17:23:46] Attempting to insert product: {'name': 'Mixt de bull negre i donegal', 'price': 1.1, 'category': 'drinks', 'store_id': 'bonarea', 'quantity': 'aprox. 143 g'}
[2025-05-22 17:23:47] Supabase Response: data=[{'name': 'Mixt de bull negre i donegal', 'price': 1.1, 'category': 'drinks', 'store_id': 'bonarea', 'quantity': 'aprox. 143 g', 'id': '785647c9-701d-4faa-9daa-b1e99991353e', 'created_at': '2025-05-22T14:23:48.339183'}] count=None
[2025-05-22 17:23:47] ✅ Successfully inserted: Mixt de bull negre i donegal
[2025-05-22 17:23:47] ✅ Mixt de bull negre i donegal — 1.1 (aprox. 143 g)
[2025-05-22 17:23:47] Attempting to insert product: {'name': 'Càpsules Nescafé Dolce Gusto espresso intens', 'price': 4.25, 'category': 'drinks', 'store_id': 'bonarea', 'quantity': '16 u.'}
[2025-05-22 17:23:47] Supabase Response: data=[{'name': 'Càpsules Nescafé Dolce Gusto espresso intens', 'price': 4.25, 'category': 'drinks', 'store_id': 'bonarea', 'quantity': '16 u.', 'id': '59fe4765-502e-4572-b170-3bb5280a0efa', 'created_at': '2025-05-22T14:23:48.944864'}] count=None
[2025-05-22 17:23:47] ✅ Successfully inserted: Càpsules Nescafé Dolce Gusto espresso intens
[2025-05-22 17:23:47] ✅ Càpsules Nescafé Dolce Gusto espresso intens — 4.25 (16 u.)
[2025-05-22 17:23:48] Attempting to insert product: {'name': 'Salmó adults', 'price': 13.8, 'category': 'drinks', 'store_id': 'bonarea', 'quantity': '10 kg'}
[2025-05-22 17:23:48] Supabase Response: data=[{'name': 'Salmó adults', 'price': 13.8, 'category': 'drinks', 'store_id': 'bonarea', 'quantity': '10 kg', 'id': 'e6cbc337-7471-4db3-abe2-4b4e8e1962ef', 'created_at': '2025-05-22T14:23:49.660741'}] count=None
[2025-05-22 17:23:48] ✅ Successfully inserted: Salmó adults
[2025-05-22 17:23:48] ✅ Salmó adults — 13.8 (10 kg)
[2025-05-22 17:23:48] ⚠️ Already exists: Salmó adults
[2025-05-22 17:23:49] Attempting to insert product: {'name': 'Original adults', 'price': 13.6, 'category': 'drinks', 'store_id': 'bonarea', 'quantity': '10 kg'}
[2025-05-22 17:23:49] Supabase Response: data=[{'name': 'Original adults', 'price': 13.6, 'category': 'drinks', 'store_id': 'bonarea', 'quantity': '10 kg', 'id': 'dd29b3f3-6afb-4bb3-8eef-d678c1ca66fb', 'created_at': '2025-05-22T14:23:50.866357'}] count=None
[2025-05-22 17:23:49] ✅ Successfully inserted: Original adults
[2025-05-22 17:23:49] ✅ Original adults — 13.6 (10 kg)
[2025-05-22 17:23:50] ⚠️ Already exists: Original adults
[2025-05-22 17:23:50] Attempting to insert product: {'name': 'Junior 2-12 mesos', 'price': 15.9, 'category': 'drinks', 'store_id': 'bonarea', 'quantity': '10 kg'}
[2025-05-22 17:23:50] Supabase Response: data=[{'name': 'Junior 2-12 mesos', 'price': 15.9, 'category': 'drinks', 'store_id': 'bonarea', 'quantity': '10 kg', 'id': '07898999-9dc7-4d4a-9283-52d063faf305', 'created_at': '2025-05-22T14:23:51.894389'}] count=None
[2025-05-22 17:23:50] ✅ Successfully inserted: Junior 2-12 mesos
[2025-05-22 17:23:50] ✅ Junior 2-12 mesos — 15.9 (10 kg)
[2025-05-22 17:23:51] ⚠️ Already exists: Junior 2-12 mesos
[2025-05-22 17:23:51] Attempting to insert product: {'name': 'Pit de pollastre groc sencer', 'price': 4.54, 'category': 'drinks', 'store_id': 'bonarea', 'quantity': 'aprox. 693 g'}
[2025-05-22 17:23:51] Supabase Response: data=[{'name': 'Pit de pollastre groc sencer', 'price': 4.54, 'category': 'drinks', 'store_id': 'bonarea', 'quantity': 'aprox. 693 g', 'id': 'f477706e-3082-4211-a700-9d7125347a2a', 'created_at': '2025-05-22T14:23:52.901988'}] count=None
[2025-05-22 17:23:51] ✅ Successfully inserted: Pit de pollastre groc sencer
[2025-05-22 17:23:51] ✅ Pit de pollastre groc sencer — 4.54 (aprox. 693 g)
[2025-05-22 17:23:52] Attempting to insert product: {'name': 'Pernilets de pollastre groc', 'price': 3.64, 'category': 'drinks', 'store_id': 'bonarea', 'quantity': 'aprox. 1,0 kg'}
[2025-05-22 17:23:52] Supabase Response: data=[{'name': 'Pernilets de pollastre groc', 'price': 3.64, 'category': 'drinks', 'store_id': 'bonarea', 'quantity': 'aprox. 1,0 kg', 'id': '4d9e423e-48d8-49de-8eb9-11346e193155', 'created_at': '2025-05-22T14:23:53.549669'}] count=None
[2025-05-22 17:23:52] ✅ Successfully inserted: Pernilets de pollastre groc
[2025-05-22 17:23:52] ✅ Pernilets de pollastre groc — 3.64 (aprox. 1,0 kg)
[2025-05-22 17:23:52] Attempting to insert product: {'name': 'Pit de pollastre blanc sencer', 'price': 4.68, 'category': 'drinks', 'store_id': 'bonarea', 'quantity': 'aprox. 715 g'}
[2025-05-22 17:23:53] Supabase Response: data=[{'name': 'Pit de pollastre blanc sencer', 'price': 4.68, 'category': 'drinks', 'store_id': 'bonarea', 'quantity': 'aprox. 715 g', 'id': '5bc823aa-4ec6-4bd2-b50d-46bc57c97ffd', 'created_at': '2025-05-22T14:23:54.27267'}] count=None
[2025-05-22 17:23:53] ✅ Successfully inserted: Pit de pollastre blanc sencer
[2025-05-22 17:23:53] ✅ Pit de pollastre blanc sencer — 4.68 (aprox. 715 g)
[2025-05-22 17:23:53] Attempting to insert product: {'name': 'Pernilets de pollastre blanc', 'price': 3.8, 'category': 'drinks', 'store_id': 'bonarea', 'quantity': 'aprox. 1,1 kg'}
[2025-05-22 17:23:53] Supabase Response: data=[{'name': 'Pernilets de pollastre blanc', 'price': 3.8, 'category': 'drinks', 'store_id': 'bonarea', 'quantity': 'aprox. 1,1 kg', 'id': '1f08ae54-69d0-4ddd-b6f2-1f092dc026f8', 'created_at': '2025-05-22T14:23:54.878761'}] count=None
[2025-05-22 17:23:53] ✅ Successfully inserted: Pernilets de pollastre blanc
[2025-05-22 17:23:53] ✅ Pernilets de pollastre blanc — 3.8 (aprox. 1,1 kg)
[2025-05-22 17:23:54] Attempting to insert product: {'name': 'Pit de pollastre groc filetejat', 'price': 4.69, 'category': 'drinks', 'store_id': 'bonarea', 'quantity': 'aprox. 660 g'}
[2025-05-22 17:23:54] Supabase Response: data=[{'name': 'Pit de pollastre groc filetejat', 'price': 4.69, 'category': 'drinks', 'store_id': 'bonarea', 'quantity': 'aprox. 660 g', 'id': 'c841593f-c041-41bf-abf0-67cfcd67dd8e', 'created_at': '2025-05-22T14:23:55.58529'}] count=None
[2025-05-22 17:23:54] ✅ Successfully inserted: Pit de pollastre groc filetejat
[2025-05-22 17:23:54] ✅ Pit de pollastre groc filetejat — 4.69 (aprox. 660 g)
[2025-05-22 17:23:54] Attempting to insert product: {'name': 'Pit de pollastre sencer 65% cereals', 'price': 4.57, 'category': 'drinks', 'store_id': 'bonarea', 'quantity': 'aprox. 605 g'}
[2025-05-22 17:23:55] Supabase Response: data=[{'name': 'Pit de pollastre sencer 65% cereals', 'price': 4.57, 'category': 'drinks', 'store_id': 'bonarea', 'quantity': 'aprox. 605 g', 'id': 'a3587855-dbb7-4ccf-81bd-8273cddaf5d7', 'created_at': '2025-05-22T14:23:56.196384'}] count=None
[2025-05-22 17:23:55] ✅ Successfully inserted: Pit de pollastre sencer 65% cereals
[2025-05-22 17:23:55] ✅ Pit de pollastre sencer 65% cereals — 4.57 (aprox. 605 g)
[2025-05-22 17:23:55] 🌐 Visiting: https://www.bonarea-online.com/online/begudes?page=2
[2025-05-22 17:23:58] 🔄 Scroll 1/5 — Products loaded: 24
[2025-05-22 17:24:02] 🔄 Scroll 2/5 — Products loaded: 24
[2025-05-22 17:24:05] 🛑 No new products loaded. Stopping scroll.
[2025-05-22 17:24:05] 🔎 Found 24 product(s) in category 'drinks'
[2025-05-22 17:24:06] ⚠️ Already exists: Gaspatxo
[2025-05-22 17:24:06] ⚠️ Already exists: Salmorejo
[2025-05-22 17:24:06] ⚠️ Already exists: Gaspatxo bric
[2025-05-22 17:24:07] ⚠️ Already exists: Salmorejo bric
[2025-05-22 17:24:07] ⚠️ Already exists: Gaspatxo estil andalús
[2025-05-22 17:24:07] ⚠️ Already exists: Gaspatxo de maduixa
[2025-05-22 17:24:07] ⚠️ Already exists: Hummus
[2025-05-22 17:24:08] ⚠️ Already exists: Cap de llom filetejat a la planxa
[2025-05-22 17:24:08] ⚠️ Already exists: Conill d'espatlla d'anoll
[2025-05-22 17:24:08] ⚠️ Already exists: Jarret d'anoll
[2025-05-22 17:24:09] ⚠️ Already exists: Mixt de bull negre i donegal
[2025-05-22 17:24:09] ⚠️ Already exists: Càpsules Nescafé Dolce Gusto espresso intens
[2025-05-22 17:24:09] ⚠️ Already exists: Salmó adults
[2025-05-22 17:24:10] ⚠️ Already exists: Salmó adults
[2025-05-22 17:24:10] ⚠️ Already exists: Original adults
[2025-05-22 17:24:10] ⚠️ Already exists: Original adults
[2025-05-22 17:24:11] ⚠️ Already exists: Junior 2-12 mesos
[2025-05-22 17:24:11] ⚠️ Already exists: Junior 2-12 mesos
[2025-05-22 17:24:11] ⚠️ Already exists: Pit de pollastre groc sencer
[2025-05-22 17:24:12] ⚠️ Already exists: Pernilets de pollastre groc
[2025-05-22 17:24:12] ⚠️ Already exists: Pit de pollastre blanc sencer
[2025-05-22 17:24:12] ⚠️ Already exists: Pernilets de pollastre blanc
[2025-05-22 17:24:12] ⚠️ Already exists: Pit de pollastre groc filetejat
[2025-05-22 17:24:13] ⚠️ Already exists: Pit de pollastre sencer 65% cereals
[2025-05-22 17:24:13] 🌐 Visiting: https://www.bonarea-online.com/online/begudes?page=3
[2025-05-22 17:24:16] 🔄 Scroll 1/5 — Products loaded: 24
[2025-05-22 17:24:21] 🔄 Scroll 2/5 — Products loaded: 24
[2025-05-22 17:24:23] 🛑 No new products loaded. Stopping scroll.
[2025-05-22 17:24:23] 🔎 Found 24 product(s) in category 'drinks'
[2025-05-22 17:24:24] ⚠️ Already exists: Gaspatxo
[2025-05-22 17:24:24] ⚠️ Already exists: Salmorejo
[2025-05-22 17:24:25] ⚠️ Already exists: Gaspatxo bric
[2025-05-22 17:24:25] ⚠️ Already exists: Salmorejo bric
[2025-05-22 17:24:25] ⚠️ Already exists: Gaspatxo estil andalús
[2025-05-22 17:24:25] ⚠️ Already exists: Gaspatxo de maduixa
[2025-05-22 17:24:26] ⚠️ Already exists: Hummus
[2025-05-22 17:24:26] ⚠️ Already exists: Cap de llom filetejat a la planxa
[2025-05-22 17:24:27] ⚠️ Already exists: Conill d'espatlla d'anoll
[2025-05-22 17:24:27] ⚠️ Already exists: Jarret d'anoll
[2025-05-22 17:24:27] ⚠️ Already exists: Mixt de bull negre i donegal
[2025-05-22 17:24:28] ⚠️ Already exists: Càpsules Nescafé Dolce Gusto espresso intens
[2025-05-22 17:24:28] ⚠️ Already exists: Salmó adults
[2025-05-22 17:24:28] ⚠️ Already exists: Salmó adults
[2025-05-22 17:24:28] ⚠️ Already exists: Original adults
[2025-05-22 17:24:29] ⚠️ Already exists: Original adults
[2025-05-22 17:24:29] ⚠️ Already exists: Junior 2-12 mesos
[2025-05-22 17:24:29] ⚠️ Already exists: Junior 2-12 mesos
[2025-05-22 17:24:30] ⚠️ Already exists: Pit de pollastre groc sencer
[2025-05-22 17:24:30] ⚠️ Already exists: Pernilets de pollastre groc
[2025-05-22 17:24:30] ⚠️ Already exists: Pit de pollastre blanc sencer
[2025-05-22 17:24:31] ⚠️ Already exists: Pernilets de pollastre blanc
[2025-05-22 17:24:31] ⚠️ Already exists: Pit de pollastre groc filetejat
[2025-05-22 17:24:31] ⚠️ Already exists: Pit de pollastre sencer 65% cereals
[2025-05-22 17:24:31] 🌐 Visiting: https://www.bonarea-online.com/online/begudes?page=4
[2025-05-22 17:24:35] 🔄 Scroll 1/5 — Products loaded: 24
[2025-05-22 17:24:39] 🔄 Scroll 2/5 — Products loaded: 24
[2025-05-22 17:24:42] 🛑 No new products loaded. Stopping scroll.
[2025-05-22 17:24:42] 🔎 Found 24 product(s) in category 'drinks'
[2025-05-22 17:24:42] ⚠️ Already exists: Gaspatxo
[2025-05-22 17:24:43] ⚠️ Already exists: Salmorejo
[2025-05-22 17:24:43] ⚠️ Already exists: Gaspatxo bric
[2025-05-22 17:24:43] ⚠️ Already exists: Salmorejo bric
[2025-05-22 17:24:44] ⚠️ Already exists: Gaspatxo estil andalús
[2025-05-22 17:24:44] ⚠️ Already exists: Gaspatxo de maduixa
[2025-05-22 17:24:44] ⚠️ Already exists: Hummus
[2025-05-22 17:24:44] ⚠️ Already exists: Cap de llom filetejat a la planxa
[2025-05-22 17:24:45] ⚠️ Already exists: Conill d'espatlla d'anoll
[2025-05-22 17:24:45] ⚠️ Already exists: Jarret d'anoll
[2025-05-22 17:24:45] ⚠️ Already exists: Mixt de bull negre i donegal
[2025-05-22 17:24:46] ⚠️ Already exists: Càpsules Nescafé Dolce Gusto espresso intens
[2025-05-22 17:24:46] ⚠️ Already exists: Salmó adults
[2025-05-22 17:24:46] ⚠️ Already exists: Salmó adults
[2025-05-22 17:24:47] ⚠️ Already exists: Original adults
[2025-05-22 17:24:47] ⚠️ Already exists: Original adults
[2025-05-22 17:24:47] ⚠️ Already exists: Junior 2-12 mesos
[2025-05-22 17:24:48] ⚠️ Already exists: Junior 2-12 mesos
[2025-05-22 17:24:48] ⚠️ Already exists: Pit de pollastre groc sencer
[2025-05-22 17:24:48] ⚠️ Already exists: Pernilets de pollastre groc
[2025-05-22 17:24:49] ⚠️ Already exists: Pit de pollastre blanc sencer
[2025-05-22 17:24:49] ⚠️ Already exists: Pernilets de pollastre blanc
[2025-05-22 17:24:49] ⚠️ Already exists: Pit de pollastre groc filetejat
[2025-05-22 17:24:49] ⚠️ Already exists: Pit de pollastre sencer 65% cereals
[2025-05-22 17:24:49] 🌐 Visiting: https://www.bonarea-online.com/online/begudes?page=5
[2025-05-22 17:24:53] 🔄 Scroll 1/5 — Products loaded: 24
[2025-05-22 17:24:57] 🔄 Scroll 2/5 — Products loaded: 24
[2025-05-22 17:25:00] 🛑 No new products loaded. Stopping scroll.
[2025-05-22 17:25:00] 🔎 Found 24 product(s) in category 'drinks'
[2025-05-22 17:25:00] ⚠️ Already exists: Gaspatxo
[2025-05-22 17:25:01] ⚠️ Already exists: Salmorejo
[2025-05-22 17:25:01] ⚠️ Already exists: Gaspatxo bric
[2025-05-22 17:25:01] ⚠️ Already exists: Salmorejo bric
[2025-05-22 17:25:02] ⚠️ Already exists: Gaspatxo estil andalús
[2025-05-22 17:25:02] ⚠️ Already exists: Gaspatxo de maduixa
[2025-05-22 17:25:02] ⚠️ Already exists: Hummus
[2025-05-22 17:25:03] ⚠️ Already exists: Cap de llom filetejat a la planxa
[2025-05-22 17:25:03] ⚠️ Already exists: Conill d'espatlla d'anoll
[2025-05-22 17:25:03] ⚠️ Already exists: Jarret d'anoll
[2025-05-22 17:25:04] ⚠️ Already exists: Mixt de bull negre i donegal
[2025-05-22 17:25:04] ⚠️ Already exists: Càpsules Nescafé Dolce Gusto espresso intens
[2025-05-22 17:25:04] ⚠️ Already exists: Salmó adults
[2025-05-22 17:25:05] ⚠️ Already exists: Salmó adults
[2025-05-22 17:25:05] ⚠️ Already exists: Original adults
[2025-05-22 17:25:06] ⚠️ Already exists: Original adults
[2025-05-22 17:25:06] ⚠️ Already exists: Junior 2-12 mesos
[2025-05-22 17:25:06] ⚠️ Already exists: Junior 2-12 mesos
[2025-05-22 17:25:07] ⚠️ Already exists: Pit de pollastre groc sencer
[2025-05-22 17:25:07] ⚠️ Already exists: Pernilets de pollastre groc
[2025-05-22 17:25:07] ⚠️ Already exists: Pit de pollastre blanc sencer
[2025-05-22 17:25:07] ⚠️ Already exists: Pernilets de pollastre blanc
[2025-05-22 17:25:08] ⚠️ Already exists: Pit de pollastre groc filetejat
[2025-05-22 17:25:08] ⚠️ Already exists: Pit de pollastre sencer 65% cereals
[2025-05-22 17:25:08] 🌐 Visiting: https://www.bonarea-online.com/online/begudes?page=6
[2025-05-22 17:25:12] 🔄 Scroll 1/5 — Products loaded: 24
[2025-05-22 17:25:16] 🔄 Scroll 2/5 — Products loaded: 24
[2025-05-22 17:25:18] 🛑 No new products loaded. Stopping scroll.
[2025-05-22 17:25:19] 🔎 Found 24 product(s) in category 'drinks'
[2025-05-22 17:25:19] ⚠️ Already exists: Gaspatxo
[2025-05-22 17:25:20] ⚠️ Already exists: Salmorejo
[2025-05-22 17:25:20] ⚠️ Already exists: Gaspatxo bric
[2025-05-22 17:25:21] ⚠️ Already exists: Salmorejo bric
[2025-05-22 17:25:21] ⚠️ Already exists: Gaspatxo estil andalús
[2025-05-22 17:25:21] ⚠️ Already exists: Gaspatxo de maduixa
[2025-05-22 17:25:22] ⚠️ Already exists: Hummus
[2025-05-22 17:25:22] ⚠️ Already exists: Cap de llom filetejat a la planxa
[2025-05-22 17:25:22] ⚠️ Already exists: Conill d'espatlla d'anoll
[2025-05-22 17:25:23] ⚠️ Already exists: Jarret d'anoll
[2025-05-22 17:25:23] ⚠️ Already exists: Mixt de bull negre i donegal
[2025-05-22 17:25:24] ⚠️ Already exists: Càpsules Nescafé Dolce Gusto espresso intens
[2025-05-22 17:25:24] ⚠️ Already exists: Salmó adults
[2025-05-22 17:25:25] ⚠️ Already exists: Salmó adults
[2025-05-22 17:25:25] ⚠️ Already exists: Original adults
[2025-05-22 17:25:25] ⚠️ Already exists: Original adults
[2025-05-22 17:25:25] ⚠️ Already exists: Junior 2-12 mesos
[2025-05-22 17:25:26] ⚠️ Already exists: Junior 2-12 mesos
[2025-05-22 17:25:26] ⚠️ Already exists: Pit de pollastre groc sencer
[2025-05-22 17:25:26] ⚠️ Already exists: Pernilets de pollastre groc
[2025-05-22 17:25:27] ⚠️ Already exists: Pit de pollastre blanc sencer
[2025-05-22 17:25:27] ⚠️ Already exists: Pernilets de pollastre blanc
[2025-05-22 17:25:27] ⚠️ Already exists: Pit de pollastre groc filetejat
[2025-05-22 17:25:28] ⚠️ Already exists: Pit de pollastre sencer 65% cereals
[2025-05-22 17:25:28] 🌐 Visiting: https://www.bonarea-online.com/online/begudes?page=7
[2025-05-22 17:25:31] 🔄 Scroll 1/5 — Products loaded: 24
[2025-05-22 17:25:36] 🔄 Scroll 2/5 — Products loaded: 24
[2025-05-22 17:25:38] 🛑 No new products loaded. Stopping scroll.
[2025-05-22 17:25:38] 🔎 Found 24 product(s) in category 'drinks'
[2025-05-22 17:25:39] ⚠️ Already exists: Gaspatxo
[2025-05-22 17:25:39] ⚠️ Already exists: Salmorejo
[2025-05-22 17:25:40] ⚠️ Already exists: Gaspatxo bric
[2025-05-22 17:25:40] ⚠️ Already exists: Salmorejo bric
[2025-05-22 17:25:40] ⚠️ Already exists: Gaspatxo estil andalús
[2025-05-22 17:25:40] ⚠️ Already exists: Gaspatxo de maduixa
[2025-05-22 17:25:41] ⚠️ Already exists: Hummus
[2025-05-22 17:25:41] ⚠️ Already exists: Cap de llom filetejat a la planxa
[2025-05-22 17:25:41] ⚠️ Already exists: Conill d'espatlla d'anoll
[2025-05-22 17:25:42] ⚠️ Already exists: Jarret d'anoll
[2025-05-22 17:25:42] ⚠️ Already exists: Mixt de bull negre i donegal
[2025-05-22 17:25:42] ⚠️ Already exists: Càpsules Nescafé Dolce Gusto espresso intens
[2025-05-22 17:25:43] ⚠️ Already exists: Salmó adults
[2025-05-22 17:25:43] ⚠️ Already exists: Salmó adults
[2025-05-22 17:25:43] ⚠️ Already exists: Original adults
[2025-05-22 17:25:44] ⚠️ Already exists: Original adults
[2025-05-22 17:25:44] ⚠️ Already exists: Junior 2-12 mesos
[2025-05-22 17:25:44] ⚠️ Already exists: Junior 2-12 mesos
[2025-05-22 17:25:44] ⚠️ Already exists: Pit de pollastre groc sencer
[2025-05-22 17:25:45] ⚠️ Already exists: Pernilets de pollastre groc
[2025-05-22 17:25:45] ⚠️ Already exists: Pit de pollastre blanc sencer
[2025-05-22 17:25:45] ⚠️ Already exists: Pernilets de pollastre blanc
[2025-05-22 17:25:46] ⚠️ Already exists: Pit de pollastre groc filetejat
[2025-05-22 17:25:46] ⚠️ Already exists: Pit de pollastre sencer 65% cereals
[2025-05-22 17:25:46] 🌐 Visiting: https://www.bonarea-online.com/online/begudes?page=8
[2025-05-22 17:25:49] 🔄 Scroll 1/5 — Products loaded: 24
[2025-05-22 17:25:54] 🔄 Scroll 2/5 — Products loaded: 24
[2025-05-22 17:25:56] 🛑 No new products loaded. Stopping scroll.
[2025-05-22 17:25:56] 🔎 Found 24 product(s) in category 'drinks'
[2025-05-22 17:25:57] ⚠️ Already exists: Gaspatxo
[2025-05-22 17:25:57] ⚠️ Already exists: Salmorejo
[2025-05-22 17:25:57] ⚠️ Already exists: Gaspatxo bric
[2025-05-22 17:25:58] ⚠️ Already exists: Salmorejo bric
[2025-05-22 17:25:58] ⚠️ Already exists: Gaspatxo estil andalús
[2025-05-22 17:25:58] ⚠️ Already exists: Gaspatxo de maduixa
[2025-05-22 17:25:59] ⚠️ Already exists: Hummus
[2025-05-22 17:25:59] ⚠️ Already exists: Cap de llom filetejat a la planxa
[2025-05-22 17:26:00] ⚠️ Already exists: Conill d'espatlla d'anoll
[2025-05-22 17:26:00] ⚠️ Already exists: Jarret d'anoll
[2025-05-22 17:26:00] ⚠️ Already exists: Mixt de bull negre i donegal
[2025-05-22 17:26:01] ⚠️ Already exists: Càpsules Nescafé Dolce Gusto espresso intens
[2025-05-22 17:26:01] ⚠️ Already exists: Salmó adults
[2025-05-22 17:26:01] ⚠️ Already exists: Salmó adults
[2025-05-22 17:26:02] ⚠️ Already exists: Original adults
[2025-05-22 17:26:02] ⚠️ Already exists: Original adults
[2025-05-22 17:26:02] ⚠️ Already exists: Junior 2-12 mesos
[2025-05-22 17:26:02] ⚠️ Already exists: Junior 2-12 mesos
[2025-05-22 17:26:03] ⚠️ Already exists: Pit de pollastre groc sencer
[2025-05-22 17:26:03] ⚠️ Already exists: Pernilets de pollastre groc
[2025-05-22 17:26:03] ⚠️ Already exists: Pit de pollastre blanc sencer
[2025-05-22 17:26:04] ⚠️ Already exists: Pernilets de pollastre blanc
[2025-05-22 17:26:04] ⚠️ Already exists: Pit de pollastre groc filetejat
[2025-05-22 17:26:04] ⚠️ Already exists: Pit de pollastre sencer 65% cereals
[2025-05-22 17:26:04] 🌐 Visiting: https://www.bonarea-online.com/online/begudes?page=9
[2025-05-22 17:26:08] 🔄 Scroll 1/5 — Products loaded: 24
[2025-05-22 17:26:13] 🔄 Scroll 2/5 — Products loaded: 24
[2025-05-22 17:26:15] 🛑 No new products loaded. Stopping scroll.
[2025-05-22 17:26:15] 🔎 Found 24 product(s) in category 'drinks'
[2025-05-22 17:26:16] ⚠️ Already exists: Gaspatxo
[2025-05-22 17:26:16] ⚠️ Already exists: Salmorejo
[2025-05-22 17:26:17] ⚠️ Already exists: Gaspatxo bric
[2025-05-22 17:26:17] ⚠️ Already exists: Salmorejo bric
[2025-05-22 17:26:17] ⚠️ Already exists: Gaspatxo estil andalús
[2025-05-22 17:26:18] ⚠️ Already exists: Gaspatxo de maduixa
[2025-05-22 17:26:18] ⚠️ Already exists: Hummus
[2025-05-22 17:26:18] ⚠️ Already exists: Cap de llom filetejat a la planxa
[2025-05-22 17:26:19] ⚠️ Already exists: Conill d'espatlla d'anoll
[2025-05-22 17:26:19] ⚠️ Already exists: Jarret d'anoll
[2025-05-22 17:26:20] ⚠️ Already exists: Mixt de bull negre i donegal
[2025-05-22 17:26:20] ⚠️ Already exists: Càpsules Nescafé Dolce Gusto espresso intens
[2025-05-22 17:26:20] ⚠️ Already exists: Salmó adults
[2025-05-22 17:26:21] ⚠️ Already exists: Salmó adults
[2025-05-22 17:26:21] ⚠️ Already exists: Original adults
[2025-05-22 17:26:22] ⚠️ Already exists: Original adults
[2025-05-22 17:26:22] ⚠️ Already exists: Junior 2-12 mesos
[2025-05-22 17:26:22] ⚠️ Already exists: Junior 2-12 mesos
[2025-05-22 17:26:23] ⚠️ Already exists: Pit de pollastre groc sencer
[2025-05-22 17:26:23] ⚠️ Already exists: Pernilets de pollastre groc
[2025-05-22 17:26:23] ⚠️ Already exists: Pit de pollastre blanc sencer
[2025-05-22 17:26:24] ⚠️ Already exists: Pernilets de pollastre blanc
[2025-05-22 17:26:24] ⚠️ Already exists: Pit de pollastre groc filetejat
[2025-05-22 17:26:24] ⚠️ Already exists: Pit de pollastre sencer 65% cereals
[2025-05-22 17:26:24] 🌐 Visiting: https://www.bonarea-online.com/online/begudes?page=10
[2025-05-22 17:26:28] 🔄 Scroll 1/5 — Products loaded: 24
[2025-05-22 17:26:32] 🔄 Scroll 2/5 — Products loaded: 24
[2025-05-22 17:26:34] 🛑 No new products loaded. Stopping scroll.
[2025-05-22 17:26:34] 🔎 Found 24 product(s) in category 'drinks'
[2025-05-22 17:26:35] ⚠️ Already exists: Gaspatxo
[2025-05-22 17:26:35] ⚠️ Already exists: Salmorejo
[2025-05-22 17:26:36] ⚠️ Already exists: Gaspatxo bric
[2025-05-22 17:26:36] ⚠️ Already exists: Salmorejo bric
[2025-05-22 17:26:36] ⚠️ Already exists: Gaspatxo estil andalús
[2025-05-22 17:26:36] ⚠️ Already exists: Gaspatxo de maduixa
[2025-05-22 17:26:37] ⚠️ Already exists: Hummus
[2025-05-22 17:26:37] ⚠️ Already exists: Cap de llom filetejat a la planxa
[2025-05-22 17:26:37] ⚠️ Already exists: Conill d'espatlla d'anoll
[2025-05-22 17:26:38] ⚠️ Already exists: Jarret d'anoll
[2025-05-22 17:26:38] ⚠️ Already exists: Mixt de bull negre i donegal
[2025-05-22 17:26:38] ⚠️ Already exists: Càpsules Nescafé Dolce Gusto espresso intens
[2025-05-22 17:26:39] ⚠️ Already exists: Salmó adults
[2025-05-22 17:26:39] ⚠️ Already exists: Salmó adults
[2025-05-22 17:26:39] ⚠️ Already exists: Original adults
[2025-05-22 17:26:39] ⚠️ Already exists: Original adults
[2025-05-22 17:26:40] ⚠️ Already exists: Junior 2-12 mesos
[2025-05-22 17:26:40] ⚠️ Already exists: Junior 2-12 mesos
[2025-05-22 17:26:40] ⚠️ Already exists: Pit de pollastre groc sencer
[2025-05-22 17:26:41] ⚠️ Already exists: Pernilets de pollastre groc
[2025-05-22 17:26:41] ⚠️ Already exists: Pit de pollastre blanc sencer
[2025-05-22 17:26:41] ⚠️ Already exists: Pernilets de pollastre blanc
[2025-05-22 17:26:42] ⚠️ Already exists: Pit de pollastre groc filetejat
[2025-05-22 17:26:42] ⚠️ Already exists: Pit de pollastre sencer 65% cereals
[2025-05-22 17:26:42] 🌐 Visiting: https://www.bonarea-online.com/online/begudes?page=11
[2025-05-22 17:26:45] 🔄 Scroll 1/5 — Products loaded: 24
[2025-05-22 17:26:50] 🔄 Scroll 2/5 — Products loaded: 24
[2025-05-22 17:26:52] 🛑 No new products loaded. Stopping scroll.
[2025-05-22 17:26:52] 🔎 Found 24 product(s) in category 'drinks'
[2025-05-22 17:26:53] ⚠️ Already exists: Gaspatxo
[2025-05-22 17:26:53] ⚠️ Already exists: Salmorejo
[2025-05-22 17:26:54] ⚠️ Already exists: Gaspatxo bric
[2025-05-22 17:26:54] ⚠️ Already exists: Salmorejo bric
[2025-05-22 17:26:54] ⚠️ Already exists: Gaspatxo estil andalús
[2025-05-22 17:26:55] ⚠️ Already exists: Gaspatxo de maduixa
[2025-05-22 17:26:59] 🌐 Visiting: https://www.bonarea-online.com/online/begudes?page=1
[2025-05-22 17:27:05] 🔄 Scroll 1/5 — Products loaded: 24
[2025-05-22 17:27:09] 🔄 Scroll 2/5 — Products loaded: 24
[2025-05-22 17:27:12] 🛑 No new products loaded. Stopping scroll.
[2025-05-22 17:27:12] 🔎 Found 24 product(s) in category 'drinks'
[2025-05-22 17:27:12] Attempting to insert product: {'name': 'Gaspatxo', 'price': 2.85, 'category': 'drinks', 'store_id': 'bonarea', 'quantity': '1 l'}
[2025-05-22 17:27:13] Supabase Response: data=[{'name': 'Gaspatxo', 'price': 2.85, 'category': 'drinks', 'store_id': 'bonarea', 'quantity': '1 l', 'id': '02502edc-5490-41bd-b0db-49295171a211', 'created_at': '2025-05-22T14:27:14.41606'}] count=None
[2025-05-22 17:27:13] ✅ Successfully inserted: Gaspatxo
[2025-05-22 17:27:13] ✅ Gaspatxo — 2.85 (1 l)
[2025-05-22 17:27:13] Attempting to insert product: {'name': 'Salmorejo', 'price': 3.15, 'category': 'drinks', 'store_id': 'bonarea', 'quantity': '1 l'}
[2025-05-22 17:27:13] Supabase Response: data=[{'name': 'Salmorejo', 'price': 3.15, 'category': 'drinks', 'store_id': 'bonarea', 'quantity': '1 l', 'id': 'ada29af7-a1fc-4ac5-9474-a48b8c2f4d5e', 'created_at': '2025-05-22T14:27:14.742835'}] count=None
[2025-05-22 17:27:13] ✅ Successfully inserted: Salmorejo
[2025-05-22 17:27:13] ✅ Salmorejo — 3.15 (1 l)
[2025-05-22 17:27:13] Attempting to insert product: {'name': 'Gaspatxo bric', 'price': 1.95, 'category': 'drinks', 'store_id': 'bonarea', 'quantity': '1 l'}
[2025-05-22 17:27:14] Supabase Response: data=[{'name': 'Gaspatxo bric', 'price': 1.95, 'category': 'drinks', 'store_id': 'bonarea', 'quantity': '1 l', 'id': 'd2abdd55-7e9d-4a43-bbdf-7dcd0e693cdf', 'created_at': '2025-05-22T14:27:15.122113'}] count=None
[2025-05-22 17:27:14] ✅ Successfully inserted: Gaspatxo bric
[2025-05-22 17:27:14] ✅ Gaspatxo bric — 1.95 (1 l)
[2025-05-22 17:27:14] Attempting to insert product: {'name': 'Salmorejo bric', 'price': 2.3, 'category': 'drinks', 'store_id': 'bonarea', 'quantity': '1 l'}
[2025-05-22 17:27:14] Supabase Response: data=[{'name': 'Salmorejo bric', 'price': 2.3, 'category': 'drinks', 'store_id': 'bonarea', 'quantity': '1 l', 'id': '658924c3-e5d2-4686-babb-a836dd47812b', 'created_at': '2025-05-22T14:27:15.751416'}] count=None
[2025-05-22 17:27:14] ✅ Successfully inserted: Salmorejo bric
[2025-05-22 17:27:14] ✅ Salmorejo bric — 2.3 (1 l)
[2025-05-22 17:27:14] Attempting to insert product: {'name': 'Gaspatxo estil andalús', 'price': 1.1, 'category': 'drinks', 'store_id': 'bonarea', 'quantity': '300 g'}
[2025-05-22 17:27:15] Supabase Response: data=[{'name': 'Gaspatxo estil andalús', 'price': 1.1, 'category': 'drinks', 'store_id': 'bonarea', 'quantity': '300 g', 'id': '4389417f-cc4f-492c-ae08-dd406293bb3c', 'created_at': '2025-05-22T14:27:16.054123'}] count=None
[2025-05-22 17:27:15] ✅ Successfully inserted: Gaspatxo estil andalús
[2025-05-22 17:27:15] ✅ Gaspatxo estil andalús — 1.1 (300 g)
[2025-05-22 17:27:15] Attempting to insert product: {'name': 'Gaspatxo de maduixa', 'price': 1.25, 'category': 'drinks', 'store_id': 'bonarea', 'quantity': '300 g'}
[2025-05-22 17:27:15] Supabase Response: data=[{'name': 'Gaspatxo de maduixa', 'price': 1.25, 'category': 'drinks', 'store_id': 'bonarea', 'quantity': '300 g', 'id': 'd3b380bd-2447-4ebc-b89a-7993ac342a23', 'created_at': '2025-05-22T14:27:16.768688'}] count=None
[2025-05-22 17:27:15] ✅ Successfully inserted: Gaspatxo de maduixa
[2025-05-22 17:27:15] ✅ Gaspatxo de maduixa — 1.25 (300 g)
[2025-05-22 17:27:15] Attempting to insert product: {'name': 'Hummus', 'price': 0.94, 'category': 'drinks', 'store_id': 'bonarea', 'quantity': '200 g'}
[2025-05-22 17:27:15] Supabase Response: data=[{'name': 'Hummus', 'price': 0.94, 'category': 'drinks', 'store_id': 'bonarea', 'quantity': '200 g', 'id': 'cbc33e93-435c-4cd7-8707-d825521ebdba', 'created_at': '2025-05-22T14:27:17.068815'}] count=None
[2025-05-22 17:27:15] ✅ Successfully inserted: Hummus
[2025-05-22 17:27:15] ✅ Hummus — 0.94 (200 g)
[2025-05-22 17:27:16] Attempting to insert product: {'name': 'Cap de llom filetejat a la planxa', 'price': 2.4, 'category': 'drinks', 'store_id': 'bonarea', 'quantity': 'aprox. 198 g'}
[2025-05-22 17:27:16] Supabase Response: data=[{'name': 'Cap de llom filetejat a la planxa', 'price': 2.4, 'category': 'drinks', 'store_id': 'bonarea', 'quantity': 'aprox. 198 g', 'id': 'b0e6b78e-6b34-462d-8907-e745c455825d', 'created_at': '2025-05-22T14:27:17.391948'}] count=None
[2025-05-22 17:27:16] ✅ Successfully inserted: Cap de llom filetejat a la planxa
[2025-05-22 17:27:16] ✅ Cap de llom filetejat a la planxa — 2.4 (aprox. 198 g)
[2025-05-22 17:27:16] Attempting to insert product: {'name': "Conill d'espatlla d'anoll", 'price': 17.27, 'category': 'drinks', 'store_id': 'bonarea', 'quantity': 'aprox. 1,6 kg'}
[2025-05-22 17:27:16] Supabase Response: data=[{'name': "Conill d'espatlla d'anoll", 'price': 17.27, 'category': 'drinks', 'store_id': 'bonarea', 'quantity': 'aprox. 1,6 kg', 'id': '6284fd13-4b8f-4075-8ef0-5fb047fca101', 'created_at': '2025-05-22T14:27:17.688717'}] count=None
[2025-05-22 17:27:16] ✅ Successfully inserted: Conill d'espatlla d'anoll
[2025-05-22 17:27:16] ✅ Conill d'espatlla d'anoll — 17.27 (aprox. 1,6 kg)
[2025-05-22 17:27:16] Attempting to insert product: {'name': "Jarret d'anoll", 'price': 22.65, 'category': 'drinks', 'store_id': 'bonarea', 'quantity': 'aprox. 2,0 kg'}
[2025-05-22 17:27:16] Supabase Response: data=[{'name': "Jarret d'anoll", 'price': 22.65, 'category': 'drinks', 'store_id': 'bonarea', 'quantity': 'aprox. 2,0 kg', 'id': 'e141529a-5680-4a09-b91b-a7f849b59a61', 'created_at': '2025-05-22T14:27:17.97264'}] count=None
[2025-05-22 17:27:16] ✅ Successfully inserted: Jarret d'anoll
[2025-05-22 17:27:16] ✅ Jarret d'anoll — 22.65 (aprox. 2,0 kg)
[2025-05-22 17:27:16] Attempting to insert product: {'name': 'Mixt de bull negre i donegal', 'price': 1.1, 'category': 'drinks', 'store_id': 'bonarea', 'quantity': 'aprox. 143 g'}
[2025-05-22 17:27:17] Supabase Response: data=[{'name': 'Mixt de bull negre i donegal', 'price': 1.1, 'category': 'drinks', 'store_id': 'bonarea', 'quantity': 'aprox. 143 g', 'id': '8798409d-37b7-42c6-b33f-12b48ccbd5d0', 'created_at': '2025-05-22T14:27:18.595008'}] count=None
[2025-05-22 17:27:17] ✅ Successfully inserted: Mixt de bull negre i donegal
[2025-05-22 17:27:17] ✅ Mixt de bull negre i donegal — 1.1 (aprox. 143 g)
[2025-05-22 17:27:17] Attempting to insert product: {'name': 'Càpsules Nescafé Dolce Gusto espresso intens', 'price': 4.25, 'category': 'drinks', 'store_id': 'bonarea', 'quantity': '16 u.'}
[2025-05-22 17:27:17] Supabase Response: data=[{'name': 'Càpsules Nescafé Dolce Gusto espresso intens', 'price': 4.25, 'category': 'drinks', 'store_id': 'bonarea', 'quantity': '16 u.', 'id': '6a2fc8f2-c265-4b6c-8a79-6868f4bd86e0', 'created_at': '2025-05-22T14:27:18.919872'}] count=None
[2025-05-22 17:27:17] ✅ Successfully inserted: Càpsules Nescafé Dolce Gusto espresso intens
[2025-05-22 17:27:17] ✅ Càpsules Nescafé Dolce Gusto espresso intens — 4.25 (16 u.)
[2025-05-22 17:27:17] Attempting to insert product: {'name': 'Salmó adults', 'price': 13.8, 'category': 'drinks', 'store_id': 'bonarea', 'quantity': '10 kg'}
[2025-05-22 17:27:18] Supabase Response: data=[{'name': 'Salmó adults', 'price': 13.8, 'category': 'drinks', 'store_id': 'bonarea', 'quantity': '10 kg', 'id': '3ffa64a7-0387-4d5b-97a7-7f1d27b1233f', 'created_at': '2025-05-22T14:27:19.173537'}] count=None
[2025-05-22 17:27:18] ✅ Successfully inserted: Salmó adults
[2025-05-22 17:27:18] ✅ Salmó adults — 13.8 (10 kg)
[2025-05-22 17:27:18] Attempting to insert product: {'name': 'Salmó adults', 'price': 4.44, 'category': 'drinks', 'store_id': 'bonarea', 'quantity': '3 kg'}
[2025-05-22 17:27:18] Supabase Response: data=[{'name': 'Salmó adults', 'price': 4.44, 'category': 'drinks', 'store_id': 'bonarea', 'quantity': '3 kg', 'id': '8e277a43-2b85-4d9b-88fc-d552f17e1612', 'created_at': '2025-05-22T14:27:19.519162'}] count=None
[2025-05-22 17:27:18] ✅ Successfully inserted: Salmó adults
[2025-05-22 17:27:18] ✅ Salmó adults — 4.44 (3 kg)
[2025-05-22 17:27:18] Attempting to insert product: {'name': 'Original adults', 'price': 13.6, 'category': 'drinks', 'store_id': 'bonarea', 'quantity': '10 kg'}
[2025-05-22 17:27:18] Supabase Response: data=[{'name': 'Original adults', 'price': 13.6, 'category': 'drinks', 'store_id': 'bonarea', 'quantity': '10 kg', 'id': 'cb5ea9a7-88c7-4403-958b-fbb86fd68e28', 'created_at': '2025-05-22T14:27:19.846712'}] count=None
[2025-05-22 17:27:18] ✅ Successfully inserted: Original adults
[2025-05-22 17:27:18] ✅ Original adults — 13.6 (10 kg)
[2025-05-22 17:27:18] Attempting to insert product: {'name': 'Original adults', 'price': 4.38, 'category': 'drinks', 'store_id': 'bonarea', 'quantity': '3 kg'}
[2025-05-22 17:27:19] Supabase Response: data=[{'name': 'Original adults', 'price': 4.38, 'category': 'drinks', 'store_id': 'bonarea', 'quantity': '3 kg', 'id': '6f6ce9ce-22e9-4485-9afa-f66ed8e12303', 'created_at': '2025-05-22T14:27:20.161423'}] count=None
[2025-05-22 17:27:19] ✅ Successfully inserted: Original adults
[2025-05-22 17:27:19] ✅ Original adults — 4.38 (3 kg)
[2025-05-22 17:27:19] Attempting to insert product: {'name': 'Junior 2-12 mesos', 'price': 15.9, 'category': 'drinks', 'store_id': 'bonarea', 'quantity': '10 kg'}
[2025-05-22 17:27:19] Supabase Response: data=[{'name': 'Junior 2-12 mesos', 'price': 15.9, 'category': 'drinks', 'store_id': 'bonarea', 'quantity': '10 kg', 'id': 'ec9b729c-241e-4f66-823a-6ecc5c09f01b', 'created_at': '2025-05-22T14:27:20.773554'}] count=None
[2025-05-22 17:27:19] ✅ Successfully inserted: Junior 2-12 mesos
[2025-05-22 17:27:19] ✅ Junior 2-12 mesos — 15.9 (10 kg)
[2025-05-22 17:27:19] Attempting to insert product: {'name': 'Junior 2-12 mesos', 'price': 5.07, 'category': 'drinks', 'store_id': 'bonarea', 'quantity': '3 kg'}
[2025-05-22 17:27:19] Supabase Response: data=[{'name': 'Junior 2-12 mesos', 'price': 5.07, 'category': 'drinks', 'store_id': 'bonarea', 'quantity': '3 kg', 'id': '83647e81-e10b-4bb6-a184-69708f14e3f8', 'created_at': '2025-05-22T14:27:21.081346'}] count=None
[2025-05-22 17:27:19] ✅ Successfully inserted: Junior 2-12 mesos
[2025-05-22 17:27:19] ✅ Junior 2-12 mesos — 5.07 (3 kg)
[2025-05-22 17:27:20] Attempting to insert product: {'name': 'Pit de pollastre groc sencer', 'price': 4.54, 'category': 'drinks', 'store_id': 'bonarea', 'quantity': 'aprox. 693 g'}
[2025-05-22 17:27:20] Supabase Response: data=[{'name': 'Pit de pollastre groc sencer', 'price': 4.54, 'category': 'drinks', 'store_id': 'bonarea', 'quantity': 'aprox. 693 g', 'id': '2cb5a956-507b-498e-b2a7-4f140e64a0eb', 'created_at': '2025-05-22T14:27:21.376144'}] count=None
[2025-05-22 17:27:20] ✅ Successfully inserted: Pit de pollastre groc sencer
[2025-05-22 17:27:20] ✅ Pit de pollastre groc sencer — 4.54 (aprox. 693 g)
[2025-05-22 17:27:20] Attempting to insert product: {'name': 'Pernilets de pollastre groc', 'price': 3.64, 'category': 'drinks', 'store_id': 'bonarea', 'quantity': 'aprox. 1,0 kg'}
[2025-05-22 17:27:20] Supabase Response: data=[{'name': 'Pernilets de pollastre groc', 'price': 3.64, 'category': 'drinks', 'store_id': 'bonarea', 'quantity': 'aprox. 1,0 kg', 'id': '467f4f9a-c402-4c44-b921-bf0e2cba10fd', 'created_at': '2025-05-22T14:27:21.683151'}] count=None
[2025-05-22 17:27:20] ✅ Successfully inserted: Pernilets de pollastre groc
[2025-05-22 17:27:20] ✅ Pernilets de pollastre groc — 3.64 (aprox. 1,0 kg)
[2025-05-22 17:27:20] Attempting to insert product: {'name': 'Pit de pollastre blanc sencer', 'price': 4.68, 'category': 'drinks', 'store_id': 'bonarea', 'quantity': 'aprox. 715 g'}
[2025-05-22 17:27:20] Supabase Response: data=[{'name': 'Pit de pollastre blanc sencer', 'price': 4.68, 'category': 'drinks', 'store_id': 'bonarea', 'quantity': 'aprox. 715 g', 'id': 'f5570b53-cd5e-4e85-9ae2-deaae62ef496', 'created_at': '2025-05-22T14:27:21.998151'}] count=None
[2025-05-22 17:27:20] ✅ Successfully inserted: Pit de pollastre blanc sencer
[2025-05-22 17:27:20] ✅ Pit de pollastre blanc sencer — 4.68 (aprox. 715 g)
[2025-05-22 17:27:20] Attempting to insert product: {'name': 'Pernilets de pollastre blanc', 'price': 3.8, 'category': 'drinks', 'store_id': 'bonarea', 'quantity': 'aprox. 1,1 kg'}
[2025-05-22 17:27:21] Supabase Response: data=[{'name': 'Pernilets de pollastre blanc', 'price': 3.8, 'category': 'drinks', 'store_id': 'bonarea', 'quantity': 'aprox. 1,1 kg', 'id': 'e3d13343-4b87-45ce-882e-e6a6a7ea3edc', 'created_at': '2025-05-22T14:27:22.287487'}] count=None
[2025-05-22 17:27:21] ✅ Successfully inserted: Pernilets de pollastre blanc
[2025-05-22 17:27:21] ✅ Pernilets de pollastre blanc — 3.8 (aprox. 1,1 kg)
[2025-05-22 17:27:21] Attempting to insert product: {'name': 'Pit de pollastre groc filetejat', 'price': 4.69, 'category': 'drinks', 'store_id': 'bonarea', 'quantity': 'aprox. 660 g'}
[2025-05-22 17:27:21] Supabase Response: data=[{'name': 'Pit de pollastre groc filetejat', 'price': 4.69, 'category': 'drinks', 'store_id': 'bonarea', 'quantity': 'aprox. 660 g', 'id': '808b706a-32aa-4656-b181-0f3b738fed6d', 'created_at': '2025-05-22T14:27:22.598721'}] count=None
[2025-05-22 17:27:21] ✅ Successfully inserted: Pit de pollastre groc filetejat
[2025-05-22 17:27:21] ✅ Pit de pollastre groc filetejat — 4.69 (aprox. 660 g)
[2025-05-22 17:27:21] Attempting to insert product: {'name': 'Pit de pollastre sencer 65% cereals', 'price': 4.57, 'category': 'drinks', 'store_id': 'bonarea', 'quantity': 'aprox. 605 g'}
[2025-05-22 17:27:21] Supabase Response: data=[{'name': 'Pit de pollastre sencer 65% cereals', 'price': 4.57, 'category': 'drinks', 'store_id': 'bonarea', 'quantity': 'aprox. 605 g', 'id': '61c8610b-4b02-409e-a28a-9e22f8a4c84f', 'created_at': '2025-05-22T14:27:22.920188'}] count=None
[2025-05-22 17:27:21] ✅ Successfully inserted: Pit de pollastre sencer 65% cereals
[2025-05-22 17:27:21] ✅ Pit de pollastre sencer 65% cereals — 4.57 (aprox. 605 g)
[2025-05-22 17:27:21] 🌐 Visiting: https://www.bonarea-online.com/online/begudes?page=2
[2025-05-22 17:27:25] 🔄 Scroll 1/5 — Products loaded: 24
[2025-05-22 17:27:29] 🔄 Scroll 2/5 — Products loaded: 24
[2025-05-22 17:27:32] 🛑 No new products loaded. Stopping scroll.
[2025-05-22 17:27:32] 🔎 Found 24 product(s) in category 'drinks'
[2025-05-22 17:27:32] Attempting to insert product: {'name': 'Gaspatxo', 'price': 2.85, 'category': 'drinks', 'store_id': 'bonarea', 'quantity': '1 l'}
[2025-05-22 17:27:32] Supabase Response: data=[{'name': 'Gaspatxo', 'price': 2.85, 'category': 'drinks', 'store_id': 'bonarea', 'quantity': '1 l', 'id': '04bc77a4-babd-46c6-9609-0620be91ef85', 'created_at': '2025-05-22T14:27:33.910057'}] count=None
[2025-05-22 17:27:32] ✅ Successfully inserted: Gaspatxo
[2025-05-22 17:27:32] ✅ Gaspatxo — 2.85 (1 l)
[2025-05-22 17:27:32] Attempting to insert product: {'name': 'Salmorejo', 'price': 3.15, 'category': 'drinks', 'store_id': 'bonarea', 'quantity': '1 l'}
[2025-05-22 17:27:33] Supabase Response: data=[{'name': 'Salmorejo', 'price': 3.15, 'category': 'drinks', 'store_id': 'bonarea', 'quantity': '1 l', 'id': '466ee282-72df-48b6-b3c8-2629e3bea15b', 'created_at': '2025-05-22T14:27:34.294851'}] count=None
[2025-05-22 17:27:33] ✅ Successfully inserted: Salmorejo
[2025-05-22 17:27:33] ✅ Salmorejo — 3.15 (1 l)
[2025-05-22 17:27:33] Attempting to insert product: {'name': 'Gaspatxo bric', 'price': 1.95, 'category': 'drinks', 'store_id': 'bonarea', 'quantity': '1 l'}
[2025-05-22 17:27:33] Supabase Response: data=[{'name': 'Gaspatxo bric', 'price': 1.95, 'category': 'drinks', 'store_id': 'bonarea', 'quantity': '1 l', 'id': '78d2f93f-00d5-4922-acc7-ced6b0e75133', 'created_at': '2025-05-22T14:27:34.575508'}] count=None
[2025-05-22 17:27:33] ✅ Successfully inserted: Gaspatxo bric
[2025-05-22 17:27:33] ✅ Gaspatxo bric — 1.95 (1 l)
[2025-05-22 17:27:33] Attempting to insert product: {'name': 'Salmorejo bric', 'price': 2.3, 'category': 'drinks', 'store_id': 'bonarea', 'quantity': '1 l'}
[2025-05-22 17:27:33] Supabase Response: data=[{'name': 'Salmorejo bric', 'price': 2.3, 'category': 'drinks', 'store_id': 'bonarea', 'quantity': '1 l', 'id': '3c4580cf-cd5c-42c1-a0bc-79f3dd5e900a', 'created_at': '2025-05-22T14:27:34.887201'}] count=None
[2025-05-22 17:27:33] ✅ Successfully inserted: Salmorejo bric
[2025-05-22 17:27:33] ✅ Salmorejo bric — 2.3 (1 l)
[2025-05-22 17:27:33] Attempting to insert product: {'name': 'Gaspatxo estil andalús', 'price': 1.1, 'category': 'drinks', 'store_id': 'bonarea', 'quantity': '300 g'}
[2025-05-22 17:27:34] Supabase Response: data=[{'name': 'Gaspatxo estil andalús', 'price': 1.1, 'category': 'drinks', 'store_id': 'bonarea', 'quantity': '300 g', 'id': '0cdbbb5e-f845-4170-bc91-10146ba6e0b3', 'created_at': '2025-05-22T14:27:35.184112'}] count=None
[2025-05-22 17:27:34] ✅ Successfully inserted: Gaspatxo estil andalús
[2025-05-22 17:27:34] ✅ Gaspatxo estil andalús — 1.1 (300 g)
[2025-05-22 17:27:34] Attempting to insert product: {'name': 'Gaspatxo de maduixa', 'price': 1.25, 'category': 'drinks', 'store_id': 'bonarea', 'quantity': '300 g'}
[2025-05-22 17:27:34] Supabase Response: data=[{'name': 'Gaspatxo de maduixa', 'price': 1.25, 'category': 'drinks', 'store_id': 'bonarea', 'quantity': '300 g', 'id': '4318d72e-6234-4a1c-adb4-3064e6121398', 'created_at': '2025-05-22T14:27:35.522829'}] count=None
[2025-05-22 17:27:34] ✅ Successfully inserted: Gaspatxo de maduixa
[2025-05-22 17:27:34] ✅ Gaspatxo de maduixa — 1.25 (300 g)
[2025-05-22 17:27:34] Attempting to insert product: {'name': 'Hummus', 'price': 0.94, 'category': 'drinks', 'store_id': 'bonarea', 'quantity': '200 g'}
[2025-05-22 17:27:34] Supabase Response: data=[{'name': 'Hummus', 'price': 0.94, 'category': 'drinks', 'store_id': 'bonarea', 'quantity': '200 g', 'id': 'a36e61dc-b70a-4d4d-b100-24283470cdc6', 'created_at': '2025-05-22T14:27:35.807233'}] count=None
[2025-05-22 17:27:34] ✅ Successfully inserted: Hummus
[2025-05-22 17:27:34] ✅ Hummus — 0.94 (200 g)
[2025-05-22 17:27:34] Attempting to insert product: {'name': 'Cap de llom filetejat a la planxa', 'price': 2.4, 'category': 'drinks', 'store_id': 'bonarea', 'quantity': 'aprox. 198 g'}
[2025-05-22 17:27:35] Supabase Response: data=[{'name': 'Cap de llom filetejat a la planxa', 'price': 2.4, 'category': 'drinks', 'store_id': 'bonarea', 'quantity': 'aprox. 198 g', 'id': '8020dd0e-a53f-4875-870d-4c1358186529', 'created_at': '2025-05-22T14:27:36.141415'}] count=None
[2025-05-22 17:27:35] ✅ Successfully inserted: Cap de llom filetejat a la planxa
[2025-05-22 17:27:35] ✅ Cap de llom filetejat a la planxa — 2.4 (aprox. 198 g)
[2025-05-22 17:27:35] Attempting to insert product: {'name': "Conill d'espatlla d'anoll", 'price': 17.27, 'category': 'drinks', 'store_id': 'bonarea', 'quantity': 'aprox. 1,6 kg'}
[2025-05-22 17:27:35] Supabase Response: data=[{'name': "Conill d'espatlla d'anoll", 'price': 17.27, 'category': 'drinks', 'store_id': 'bonarea', 'quantity': 'aprox. 1,6 kg', 'id': '5d2ce6eb-496b-4771-a822-907ea219d1f2', 'created_at': '2025-05-22T14:27:36.519807'}] count=None
[2025-05-22 17:27:35] ✅ Successfully inserted: Conill d'espatlla d'anoll
[2025-05-22 17:27:35] ✅ Conill d'espatlla d'anoll — 17.27 (aprox. 1,6 kg)
[2025-05-22 17:27:35] Attempting to insert product: {'name': "Jarret d'anoll", 'price': 22.65, 'category': 'drinks', 'store_id': 'bonarea', 'quantity': 'aprox. 2,0 kg'}
[2025-05-22 17:27:35] Supabase Response: data=[{'name': "Jarret d'anoll", 'price': 22.65, 'category': 'drinks', 'store_id': 'bonarea', 'quantity': 'aprox. 2,0 kg', 'id': '641f5463-b47b-4468-b840-7423671e60fd', 'created_at': '2025-05-22T14:27:36.827219'}] count=None
[2025-05-22 17:27:35] ✅ Successfully inserted: Jarret d'anoll
[2025-05-22 17:27:35] ✅ Jarret d'anoll — 22.65 (aprox. 2,0 kg)
[2025-05-22 17:27:35] Attempting to insert product: {'name': 'Mixt de bull negre i donegal', 'price': 1.1, 'category': 'drinks', 'store_id': 'bonarea', 'quantity': 'aprox. 143 g'}
[2025-05-22 17:27:36] Supabase Response: data=[{'name': 'Mixt de bull negre i donegal', 'price': 1.1, 'category': 'drinks', 'store_id': 'bonarea', 'quantity': 'aprox. 143 g', 'id': '81e8688a-f317-49b7-a971-c8fdb8fe7d47', 'created_at': '2025-05-22T14:27:37.091896'}] count=None
[2025-05-22 17:27:36] ✅ Successfully inserted: Mixt de bull negre i donegal
[2025-05-22 17:27:36] ✅ Mixt de bull negre i donegal — 1.1 (aprox. 143 g)
[2025-05-22 17:27:36] Attempting to insert product: {'name': 'Càpsules Nescafé Dolce Gusto espresso intens', 'price': 4.25, 'category': 'drinks', 'store_id': 'bonarea', 'quantity': '16 u.'}
[2025-05-22 17:27:36] Supabase Response: data=[{'name': 'Càpsules Nescafé Dolce Gusto espresso intens', 'price': 4.25, 'category': 'drinks', 'store_id': 'bonarea', 'quantity': '16 u.', 'id': '1f416f74-ee91-4658-8956-324d7d4c9259', 'created_at': '2025-05-22T14:27:37.437613'}] count=None
[2025-05-22 17:27:36] ✅ Successfully inserted: Càpsules Nescafé Dolce Gusto espresso intens
[2025-05-22 17:27:36] ✅ Càpsules Nescafé Dolce Gusto espresso intens — 4.25 (16 u.)
[2025-05-22 17:27:36] Attempting to insert product: {'name': 'Salmó adults', 'price': 13.8, 'category': 'drinks', 'store_id': 'bonarea', 'quantity': '10 kg'}
[2025-05-22 17:27:36] Supabase Response: data=[{'name': 'Salmó adults', 'price': 13.8, 'category': 'drinks', 'store_id': 'bonarea', 'quantity': '10 kg', 'id': '417b83f0-0f65-4e32-bcb8-511e316e5498', 'created_at': '2025-05-22T14:27:37.759791'}] count=None
[2025-05-22 17:27:36] ✅ Successfully inserted: Salmó adults
[2025-05-22 17:27:36] ✅ Salmó adults — 13.8 (10 kg)
[2025-05-22 17:27:36] Attempting to insert product: {'name': 'Salmó adults', 'price': 4.44, 'category': 'drinks', 'store_id': 'bonarea', 'quantity': '3 kg'}
[2025-05-22 17:27:36] Supabase Response: data=[{'name': 'Salmó adults', 'price': 4.44, 'category': 'drinks', 'store_id': 'bonarea', 'quantity': '3 kg', 'id': 'a7822595-d3ed-467d-9293-b85deb8b059f', 'created_at': '2025-05-22T14:27:38.061413'}] count=None
[2025-05-22 17:27:36] ✅ Successfully inserted: Salmó adults
[2025-05-22 17:27:36] ✅ Salmó adults — 4.44 (3 kg)
[2025-05-22 17:27:37] Attempting to insert product: {'name': 'Original adults', 'price': 13.6, 'category': 'drinks', 'store_id': 'bonarea', 'quantity': '10 kg'}
[2025-05-22 17:27:37] Supabase Response: data=[{'name': 'Original adults', 'price': 13.6, 'category': 'drinks', 'store_id': 'bonarea', 'quantity': '10 kg', 'id': 'f9541251-f690-46ae-bfa0-f446ada2883f', 'created_at': '2025-05-22T14:27:38.362054'}] count=None
[2025-05-22 17:27:37] ✅ Successfully inserted: Original adults
[2025-05-22 17:27:37] ✅ Original adults — 13.6 (10 kg)
[2025-05-22 17:27:37] Attempting to insert product: {'name': 'Original adults', 'price': 4.38, 'category': 'drinks', 'store_id': 'bonarea', 'quantity': '3 kg'}
[2025-05-22 17:27:37] Supabase Response: data=[{'name': 'Original adults', 'price': 4.38, 'category': 'drinks', 'store_id': 'bonarea', 'quantity': '3 kg', 'id': 'dfcf39a0-c44b-4207-94b3-ebf3cbd90e7e', 'created_at': '2025-05-22T14:27:38.671612'}] count=None
[2025-05-22 17:27:37] ✅ Successfully inserted: Original adults
[2025-05-22 17:27:37] ✅ Original adults — 4.38 (3 kg)
[2025-05-22 17:27:37] Attempting to insert product: {'name': 'Junior 2-12 mesos', 'price': 15.9, 'category': 'drinks', 'store_id': 'bonarea', 'quantity': '10 kg'}
[2025-05-22 17:27:37] Supabase Response: data=[{'name': 'Junior 2-12 mesos', 'price': 15.9, 'category': 'drinks', 'store_id': 'bonarea', 'quantity': '10 kg', 'id': 'dd072fd4-bf34-4dfa-a59c-bef3240044a7', 'created_at': '2025-05-22T14:27:38.980948'}] count=None
[2025-05-22 17:27:37] ✅ Successfully inserted: Junior 2-12 mesos
[2025-05-22 17:27:37] ✅ Junior 2-12 mesos — 15.9 (10 kg)
[2025-05-22 17:27:37] Attempting to insert product: {'name': 'Junior 2-12 mesos', 'price': 5.07, 'category': 'drinks', 'store_id': 'bonarea', 'quantity': '3 kg'}
[2025-05-22 17:27:38] Supabase Response: data=[{'name': 'Junior 2-12 mesos', 'price': 5.07, 'category': 'drinks', 'store_id': 'bonarea', 'quantity': '3 kg', 'id': '7fd7690b-5403-4b28-9ca4-c8efe3796529', 'created_at': '2025-05-22T14:27:39.288256'}] count=None
[2025-05-22 17:27:38] ✅ Successfully inserted: Junior 2-12 mesos
[2025-05-22 17:27:38] ✅ Junior 2-12 mesos — 5.07 (3 kg)
[2025-05-22 17:27:38] Attempting to insert product: {'name': 'Pit de pollastre groc sencer', 'price': 4.54, 'category': 'drinks', 'store_id': 'bonarea', 'quantity': 'aprox. 693 g'}
[2025-05-22 17:27:38] Supabase Response: data=[{'name': 'Pit de pollastre groc sencer', 'price': 4.54, 'category': 'drinks', 'store_id': 'bonarea', 'quantity': 'aprox. 693 g', 'id': '3bff1c52-add7-4ece-b4fa-00863e17e317', 'created_at': '2025-05-22T14:27:39.599317'}] count=None
[2025-05-22 17:27:38] ✅ Successfully inserted: Pit de pollastre groc sencer
[2025-05-22 17:27:38] ✅ Pit de pollastre groc sencer — 4.54 (aprox. 693 g)
[2025-05-22 17:27:38] Attempting to insert product: {'name': 'Pernilets de pollastre groc', 'price': 3.64, 'category': 'drinks', 'store_id': 'bonarea', 'quantity': 'aprox. 1,0 kg'}
[2025-05-22 17:27:38] Supabase Response: data=[{'name': 'Pernilets de pollastre groc', 'price': 3.64, 'category': 'drinks', 'store_id': 'bonarea', 'quantity': 'aprox. 1,0 kg', 'id': 'dd5a8c40-ed69-459f-9919-950bedc5fb60', 'created_at': '2025-05-22T14:27:39.888691'}] count=None
[2025-05-22 17:27:38] ✅ Successfully inserted: Pernilets de pollastre groc
[2025-05-22 17:27:38] ✅ Pernilets de pollastre groc — 3.64 (aprox. 1,0 kg)
[2025-05-22 17:27:38] Attempting to insert product: {'name': 'Pit de pollastre blanc sencer', 'price': 4.68, 'category': 'drinks', 'store_id': 'bonarea', 'quantity': 'aprox. 715 g'}
[2025-05-22 17:27:39] Supabase Response: data=[{'name': 'Pit de pollastre blanc sencer', 'price': 4.68, 'category': 'drinks', 'store_id': 'bonarea', 'quantity': 'aprox. 715 g', 'id': 'a446b381-6549-4997-bfc2-d2b3631fc122', 'created_at': '2025-05-22T14:27:40.216244'}] count=None
[2025-05-22 17:27:39] ✅ Successfully inserted: Pit de pollastre blanc sencer
[2025-05-22 17:27:39] ✅ Pit de pollastre blanc sencer — 4.68 (aprox. 715 g)
[2025-05-22 17:27:39] Attempting to insert product: {'name': 'Pernilets de pollastre blanc', 'price': 3.8, 'category': 'drinks', 'store_id': 'bonarea', 'quantity': 'aprox. 1,1 kg'}
[2025-05-22 17:27:40] Supabase Response: data=[{'name': 'Pernilets de pollastre blanc', 'price': 3.8, 'category': 'drinks', 'store_id': 'bonarea', 'quantity': 'aprox. 1,1 kg', 'id': '91e3336e-1527-42bd-a94c-60165f900c0a', 'created_at': '2025-05-22T14:27:41.12363'}] count=None
[2025-05-22 17:27:40] ✅ Successfully inserted: Pernilets de pollastre blanc
[2025-05-22 17:27:40] ✅ Pernilets de pollastre blanc — 3.8 (aprox. 1,1 kg)
[2025-05-22 17:27:40] Attempting to insert product: {'name': 'Pit de pollastre groc filetejat', 'price': 4.69, 'category': 'drinks', 'store_id': 'bonarea', 'quantity': 'aprox. 660 g'}
[2025-05-22 17:27:40] Supabase Response: data=[{'name': 'Pit de pollastre groc filetejat', 'price': 4.69, 'category': 'drinks', 'store_id': 'bonarea', 'quantity': 'aprox. 660 g', 'id': '99d550c2-bcb2-4ce6-8fa0-8c9f5e8046d6', 'created_at': '2025-05-22T14:27:41.438466'}] count=None
[2025-05-22 17:27:40] ✅ Successfully inserted: Pit de pollastre groc filetejat
[2025-05-22 17:27:40] ✅ Pit de pollastre groc filetejat — 4.69 (aprox. 660 g)
[2025-05-22 17:27:40] Attempting to insert product: {'name': 'Pit de pollastre sencer 65% cereals', 'price': 4.57, 'category': 'drinks', 'store_id': 'bonarea', 'quantity': 'aprox. 605 g'}
[2025-05-22 17:27:40] Supabase Response: data=[{'name': 'Pit de pollastre sencer 65% cereals', 'price': 4.57, 'category': 'drinks', 'store_id': 'bonarea', 'quantity': 'aprox. 605 g', 'id': '559565a4-6af8-408c-a039-80f572510a09', 'created_at': '2025-05-22T14:27:41.744398'}] count=None
[2025-05-22 17:27:40] ✅ Successfully inserted: Pit de pollastre sencer 65% cereals
[2025-05-22 17:27:40] ✅ Pit de pollastre sencer 65% cereals — 4.57 (aprox. 605 g)
[2025-05-22 17:27:40] 🌐 Visiting: https://www.bonarea-online.com/online/begudes?page=3
[2025-05-22 17:27:44] 🔄 Scroll 1/5 — Products loaded: 24
[2025-05-22 17:27:48] 🔄 Scroll 2/5 — Products loaded: 24
[2025-05-22 17:27:50] 🛑 No new products loaded. Stopping scroll.
[2025-05-22 17:27:50] 🔎 Found 24 product(s) in category 'drinks'
[2025-05-22 17:27:51] Attempting to insert product: {'name': 'Gaspatxo', 'price': 2.85, 'category': 'drinks', 'store_id': 'bonarea', 'quantity': '1 l'}
[2025-05-22 17:27:51] Supabase Response: data=[{'name': 'Gaspatxo', 'price': 2.85, 'category': 'drinks', 'store_id': 'bonarea', 'quantity': '1 l', 'id': 'f13830dd-17ff-4104-b7d4-ee7fa0e6b037', 'created_at': '2025-05-22T14:27:52.646524'}] count=None
[2025-05-22 17:27:51] ✅ Successfully inserted: Gaspatxo
[2025-05-22 17:27:51] ✅ Gaspatxo — 2.85 (1 l)
[2025-05-22 17:27:51] Attempting to insert product: {'name': 'Salmorejo', 'price': 3.15, 'category': 'drinks', 'store_id': 'bonarea', 'quantity': '1 l'}
[2025-05-22 17:27:51] Supabase Response: data=[{'name': 'Salmorejo', 'price': 3.15, 'category': 'drinks', 'store_id': 'bonarea', 'quantity': '1 l', 'id': '71030021-c3d2-4037-8dbe-26e36bcaa9ae', 'created_at': '2025-05-22T14:27:52.961062'}] count=None
[2025-05-22 17:27:51] ✅ Successfully inserted: Salmorejo
[2025-05-22 17:27:51] ✅ Salmorejo — 3.15 (1 l)
[2025-05-22 17:27:51] Attempting to insert product: {'name': 'Gaspatxo bric', 'price': 1.95, 'category': 'drinks', 'store_id': 'bonarea', 'quantity': '1 l'}
[2025-05-22 17:27:52] Supabase Response: data=[{'name': 'Gaspatxo bric', 'price': 1.95, 'category': 'drinks', 'store_id': 'bonarea', 'quantity': '1 l', 'id': 'ed67a04f-115d-4199-ae67-c9f776283e6e', 'created_at': '2025-05-22T14:27:53.342446'}] count=None
[2025-05-22 17:27:52] ✅ Successfully inserted: Gaspatxo bric
[2025-05-22 17:27:52] ✅ Gaspatxo bric — 1.95 (1 l)
[2025-05-22 17:27:52] Attempting to insert product: {'name': 'Salmorejo bric', 'price': 2.3, 'category': 'drinks', 'store_id': 'bonarea', 'quantity': '1 l'}
[2025-05-22 17:27:52] Supabase Response: data=[{'name': 'Salmorejo bric', 'price': 2.3, 'category': 'drinks', 'store_id': 'bonarea', 'quantity': '1 l', 'id': 'f6d7ca76-140e-49be-b8c8-ddfc4a617469', 'created_at': '2025-05-22T14:27:53.633473'}] count=None
[2025-05-22 17:27:52] ✅ Successfully inserted: Salmorejo bric
[2025-05-22 17:27:52] ✅ Salmorejo bric — 2.3 (1 l)
[2025-05-22 17:27:52] Attempting to insert product: {'name': 'Gaspatxo estil andalús', 'price': 1.1, 'category': 'drinks', 'store_id': 'bonarea', 'quantity': '300 g'}
[2025-05-22 17:27:52] Supabase Response: data=[{'name': 'Gaspatxo estil andalús', 'price': 1.1, 'category': 'drinks', 'store_id': 'bonarea', 'quantity': '300 g', 'id': 'a6b501e5-1a0a-4db5-b03e-5b69e7c26e0a', 'created_at': '2025-05-22T14:27:53.93261'}] count=None
[2025-05-22 17:27:52] ✅ Successfully inserted: Gaspatxo estil andalús
[2025-05-22 17:27:52] ✅ Gaspatxo estil andalús — 1.1 (300 g)
[2025-05-22 17:27:52] Attempting to insert product: {'name': 'Gaspatxo de maduixa', 'price': 1.25, 'category': 'drinks', 'store_id': 'bonarea', 'quantity': '300 g'}
[2025-05-22 17:27:53] Supabase Response: data=[{'name': 'Gaspatxo de maduixa', 'price': 1.25, 'category': 'drinks', 'store_id': 'bonarea', 'quantity': '300 g', 'id': '23ac7e25-5c1d-4be6-a8e1-5e824176a08b', 'created_at': '2025-05-22T14:27:54.252043'}] count=None
[2025-05-22 17:27:53] ✅ Successfully inserted: Gaspatxo de maduixa
[2025-05-22 17:27:53] ✅ Gaspatxo de maduixa — 1.25 (300 g)
[2025-05-22 17:27:53] Attempting to insert product: {'name': 'Hummus', 'price': 0.94, 'category': 'drinks', 'store_id': 'bonarea', 'quantity': '200 g'}
[2025-05-22 17:27:53] Supabase Response: data=[{'name': 'Hummus', 'price': 0.94, 'category': 'drinks', 'store_id': 'bonarea', 'quantity': '200 g', 'id': 'd4964c2c-72e3-436e-861e-9ec16b309e10', 'created_at': '2025-05-22T14:27:54.550825'}] count=None
[2025-05-22 17:27:53] ✅ Successfully inserted: Hummus
[2025-05-22 17:27:53] ✅ Hummus — 0.94 (200 g)
[2025-05-22 17:27:53] Attempting to insert product: {'name': 'Cap de llom filetejat a la planxa', 'price': 2.4, 'category': 'drinks', 'store_id': 'bonarea', 'quantity': 'aprox. 198 g'}
[2025-05-22 17:27:53] Supabase Response: data=[{'name': 'Cap de llom filetejat a la planxa', 'price': 2.4, 'category': 'drinks', 'store_id': 'bonarea', 'quantity': 'aprox. 198 g', 'id': '17d9a9ca-3ebd-4561-bbf7-374ae6319051', 'created_at': '2025-05-22T14:27:54.960709'}] count=None
[2025-05-22 17:27:53] ✅ Successfully inserted: Cap de llom filetejat a la planxa
[2025-05-22 17:27:53] ✅ Cap de llom filetejat a la planxa — 2.4 (aprox. 198 g)
[2025-05-22 17:27:53] Attempting to insert product: {'name': "Conill d'espatlla d'anoll", 'price': 17.27, 'category': 'drinks', 'store_id': 'bonarea', 'quantity': 'aprox. 1,6 kg'}
[2025-05-22 17:27:54] Supabase Response: data=[{'name': "Conill d'espatlla d'anoll", 'price': 17.27, 'category': 'drinks', 'store_id': 'bonarea', 'quantity': 'aprox. 1,6 kg', 'id': '4d29f746-61b2-405a-a1ba-1cba03ddc7cc', 'created_at': '2025-05-22T14:27:55.264992'}] count=None
[2025-05-22 17:27:54] ✅ Successfully inserted: Conill d'espatlla d'anoll
[2025-05-22 17:27:54] ✅ Conill d'espatlla d'anoll — 17.27 (aprox. 1,6 kg)
[2025-05-22 17:27:54] Attempting to insert product: {'name': "Jarret d'anoll", 'price': 22.65, 'category': 'drinks', 'store_id': 'bonarea', 'quantity': 'aprox. 2,0 kg'}
[2025-05-22 17:27:54] Supabase Response: data=[{'name': "Jarret d'anoll", 'price': 22.65, 'category': 'drinks', 'store_id': 'bonarea', 'quantity': 'aprox. 2,0 kg', 'id': 'ece8181f-7b40-4ac3-8047-3acac7e7acf3', 'created_at': '2025-05-22T14:27:55.588071'}] count=None
[2025-05-22 17:27:54] ✅ Successfully inserted: Jarret d'anoll
[2025-05-22 17:27:54] ✅ Jarret d'anoll — 22.65 (aprox. 2,0 kg)
[2025-05-22 17:27:54] Attempting to insert product: {'name': 'Mixt de bull negre i donegal', 'price': 1.1, 'category': 'drinks', 'store_id': 'bonarea', 'quantity': 'aprox. 143 g'}
[2025-05-22 17:27:54] Supabase Response: data=[{'name': 'Mixt de bull negre i donegal', 'price': 1.1, 'category': 'drinks', 'store_id': 'bonarea', 'quantity': 'aprox. 143 g', 'id': 'dedb6c0e-a07a-46dc-90ca-1ee374aee04c', 'created_at': '2025-05-22T14:27:55.919404'}] count=None
[2025-05-22 17:27:54] ✅ Successfully inserted: Mixt de bull negre i donegal
[2025-05-22 17:27:54] ✅ Mixt de bull negre i donegal — 1.1 (aprox. 143 g)
[2025-05-22 17:27:54] Attempting to insert product: {'name': 'Càpsules Nescafé Dolce Gusto espresso intens', 'price': 4.25, 'category': 'drinks', 'store_id': 'bonarea', 'quantity': '16 u.'}
[2025-05-22 17:27:55] Supabase Response: data=[{'name': 'Càpsules Nescafé Dolce Gusto espresso intens', 'price': 4.25, 'category': 'drinks', 'store_id': 'bonarea', 'quantity': '16 u.', 'id': '65cf746b-5718-43f9-a84d-dc2df7704a2e', 'created_at': '2025-05-22T14:27:56.307992'}] count=None
[2025-05-22 17:27:55] ✅ Successfully inserted: Càpsules Nescafé Dolce Gusto espresso intens
[2025-05-22 17:27:55] ✅ Càpsules Nescafé Dolce Gusto espresso intens — 4.25 (16 u.)
[2025-05-22 17:27:55] Attempting to insert product: {'name': 'Salmó adults', 'price': 13.8, 'category': 'drinks', 'store_id': 'bonarea', 'quantity': '10 kg'}
[2025-05-22 17:27:55] Supabase Response: data=[{'name': 'Salmó adults', 'price': 13.8, 'category': 'drinks', 'store_id': 'bonarea', 'quantity': '10 kg', 'id': '52b67a9c-be80-421e-b928-14b22c51853c', 'created_at': '2025-05-22T14:27:56.604148'}] count=None
[2025-05-22 17:27:55] ✅ Successfully inserted: Salmó adults
[2025-05-22 17:27:55] ✅ Salmó adults — 13.8 (10 kg)
[2025-05-22 17:27:55] Attempting to insert product: {'name': 'Salmó adults', 'price': 4.44, 'category': 'drinks', 'store_id': 'bonarea', 'quantity': '3 kg'}
[2025-05-22 17:27:55] Supabase Response: data=[{'name': 'Salmó adults', 'price': 4.44, 'category': 'drinks', 'store_id': 'bonarea', 'quantity': '3 kg', 'id': '0d94cd50-28ef-4db9-b071-87821da30efe', 'created_at': '2025-05-22T14:27:57.002603'}] count=None
[2025-05-22 17:27:55] ✅ Successfully inserted: Salmó adults
[2025-05-22 17:27:55] ✅ Salmó adults — 4.44 (3 kg)
[2025-05-22 17:27:55] Attempting to insert product: {'name': 'Original adults', 'price': 13.6, 'category': 'drinks', 'store_id': 'bonarea', 'quantity': '10 kg'}
[2025-05-22 17:27:56] Supabase Response: data=[{'name': 'Original adults', 'price': 13.6, 'category': 'drinks', 'store_id': 'bonarea', 'quantity': '10 kg', 'id': '4132cd6f-f2ab-4ef6-8b97-8c9c56b639c1', 'created_at': '2025-05-22T14:27:57.301638'}] count=None
[2025-05-22 17:27:56] ✅ Successfully inserted: Original adults
[2025-05-22 17:27:56] ✅ Original adults — 13.6 (10 kg)
[2025-05-22 17:27:56] Attempting to insert product: {'name': 'Original adults', 'price': 4.38, 'category': 'drinks', 'store_id': 'bonarea', 'quantity': '3 kg'}
[2025-05-22 17:27:56] Supabase Response: data=[{'name': 'Original adults', 'price': 4.38, 'category': 'drinks', 'store_id': 'bonarea', 'quantity': '3 kg', 'id': '8090bf01-c09c-4d15-9e55-60d033a7d91f', 'created_at': '2025-05-22T14:27:57.617805'}] count=None
[2025-05-22 17:27:56] ✅ Successfully inserted: Original adults
[2025-05-22 17:27:56] ✅ Original adults — 4.38 (3 kg)
[2025-05-22 17:27:56] Attempting to insert product: {'name': 'Junior 2-12 mesos', 'price': 15.9, 'category': 'drinks', 'store_id': 'bonarea', 'quantity': '10 kg'}
[2025-05-22 17:27:56] Supabase Response: data=[{'name': 'Junior 2-12 mesos', 'price': 15.9, 'category': 'drinks', 'store_id': 'bonarea', 'quantity': '10 kg', 'id': 'd187b513-7598-46ed-8b62-cf962ca99f2e', 'created_at': '2025-05-22T14:27:57.944821'}] count=None
[2025-05-22 17:27:56] ✅ Successfully inserted: Junior 2-12 mesos
[2025-05-22 17:27:56] ✅ Junior 2-12 mesos — 15.9 (10 kg)
[2025-05-22 17:27:56] Attempting to insert product: {'name': 'Junior 2-12 mesos', 'price': 5.07, 'category': 'drinks', 'store_id': 'bonarea', 'quantity': '3 kg'}
[2025-05-22 17:27:57] Supabase Response: data=[{'name': 'Junior 2-12 mesos', 'price': 5.07, 'category': 'drinks', 'store_id': 'bonarea', 'quantity': '3 kg', 'id': 'd9cde594-ee8f-49a3-bf03-bac7c4e57d3f', 'created_at': '2025-05-22T14:27:58.232587'}] count=None
[2025-05-22 17:27:57] ✅ Successfully inserted: Junior 2-12 mesos
[2025-05-22 17:27:57] ✅ Junior 2-12 mesos — 5.07 (3 kg)
[2025-05-22 17:27:57] Attempting to insert product: {'name': 'Pit de pollastre groc sencer', 'price': 4.54, 'category': 'drinks', 'store_id': 'bonarea', 'quantity': 'aprox. 693 g'}
[2025-05-22 17:27:57] Supabase Response: data=[{'name': 'Pit de pollastre groc sencer', 'price': 4.54, 'category': 'drinks', 'store_id': 'bonarea', 'quantity': 'aprox. 693 g', 'id': '2a1e6ee1-f23a-4db5-afbc-ad3d61c3b23c', 'created_at': '2025-05-22T14:27:58.538127'}] count=None
[2025-05-22 17:27:57] ✅ Successfully inserted: Pit de pollastre groc sencer
[2025-05-22 17:27:57] ✅ Pit de pollastre groc sencer — 4.54 (aprox. 693 g)
[2025-05-22 17:27:57] Attempting to insert product: {'name': 'Pernilets de pollastre groc', 'price': 3.64, 'category': 'drinks', 'store_id': 'bonarea', 'quantity': 'aprox. 1,0 kg'}
[2025-05-22 17:27:57] Supabase Response: data=[{'name': 'Pernilets de pollastre groc', 'price': 3.64, 'category': 'drinks', 'store_id': 'bonarea', 'quantity': 'aprox. 1,0 kg', 'id': 'ae3194c6-7921-4771-b14a-f56203198483', 'created_at': '2025-05-22T14:27:58.809343'}] count=None
[2025-05-22 17:27:57] ✅ Successfully inserted: Pernilets de pollastre groc
[2025-05-22 17:27:57] ✅ Pernilets de pollastre groc — 3.64 (aprox. 1,0 kg)
[2025-05-22 17:27:57] Attempting to insert product: {'name': 'Pit de pollastre blanc sencer', 'price': 4.68, 'category': 'drinks', 'store_id': 'bonarea', 'quantity': 'aprox. 715 g'}
[2025-05-22 17:27:58] Supabase Response: data=[{'name': 'Pit de pollastre blanc sencer', 'price': 4.68, 'category': 'drinks', 'store_id': 'bonarea', 'quantity': 'aprox. 715 g', 'id': '77e359f4-9402-4d0e-8e65-166ed1f12001', 'created_at': '2025-05-22T14:27:59.16926'}] count=None
[2025-05-22 17:27:58] ✅ Successfully inserted: Pit de pollastre blanc sencer
[2025-05-22 17:27:58] ✅ Pit de pollastre blanc sencer — 4.68 (aprox. 715 g)
[2025-05-22 17:27:58] Attempting to insert product: {'name': 'Pernilets de pollastre blanc', 'price': 3.8, 'category': 'drinks', 'store_id': 'bonarea', 'quantity': 'aprox. 1,1 kg'}
[2025-05-22 17:27:58] Supabase Response: data=[{'name': 'Pernilets de pollastre blanc', 'price': 3.8, 'category': 'drinks', 'store_id': 'bonarea', 'quantity': 'aprox. 1,1 kg', 'id': '9c66dfd2-3a61-474a-bbb4-5be069131346', 'created_at': '2025-05-22T14:27:59.463992'}] count=None
[2025-05-22 17:27:58] ✅ Successfully inserted: Pernilets de pollastre blanc
[2025-05-22 17:27:58] ✅ Pernilets de pollastre blanc — 3.8 (aprox. 1,1 kg)
[2025-05-22 17:27:58] Attempting to insert product: {'name': 'Pit de pollastre groc filetejat', 'price': 4.69, 'category': 'drinks', 'store_id': 'bonarea', 'quantity': 'aprox. 660 g'}
[2025-05-22 17:27:58] Supabase Response: data=[{'name': 'Pit de pollastre groc filetejat', 'price': 4.69, 'category': 'drinks', 'store_id': 'bonarea', 'quantity': 'aprox. 660 g', 'id': 'e1a1cf8a-d40f-45df-86b3-88e4d13cbccd', 'created_at': '2025-05-22T14:27:59.768281'}] count=None
[2025-05-22 17:27:58] ✅ Successfully inserted: Pit de pollastre groc filetejat
[2025-05-22 17:27:58] ✅ Pit de pollastre groc filetejat — 4.69 (aprox. 660 g)
[2025-05-22 17:27:58] Attempting to insert product: {'name': 'Pit de pollastre sencer 65% cereals', 'price': 4.57, 'category': 'drinks', 'store_id': 'bonarea', 'quantity': 'aprox. 605 g'}
[2025-05-22 17:27:58] Supabase Response: data=[{'name': 'Pit de pollastre sencer 65% cereals', 'price': 4.57, 'category': 'drinks', 'store_id': 'bonarea', 'quantity': 'aprox. 605 g', 'id': '877c86f8-30ee-48ef-8da2-2b14c53070e8', 'created_at': '2025-05-22T14:28:00.077039'}] count=None
[2025-05-22 17:27:58] ✅ Successfully inserted: Pit de pollastre sencer 65% cereals
[2025-05-22 17:27:58] ✅ Pit de pollastre sencer 65% cereals — 4.57 (aprox. 605 g)
[2025-05-22 17:27:58] 🌐 Visiting: https://www.bonarea-online.com/online/begudes?page=4
[2025-05-22 17:36:43] 🌐 Visiting: https://www.bonarea-online.com/online/begudes
[2025-05-22 17:36:53] 🔄 Total products loaded: 24
[2025-05-22 17:36:54] 🔄 Total products loaded: 24
[2025-05-22 17:36:54] 🛑 No new products after scrolling. Stopping scroll.
[2025-05-22 17:36:54] 🔎 Found 24 product(s) in category 'drinks'
[2025-05-22 17:36:54] Attempting to insert product: {'name': 'Gaspatxo', 'price': 2.85, 'category': 'drinks', 'store_id': 'bonarea', 'quantity': '1 l'}
[2025-05-22 17:36:55] Supabase Response: data=[{'name': 'Gaspatxo', 'price': 2.85, 'category': 'drinks', 'store_id': 'bonarea', 'quantity': '1 l', 'id': '0589e0f7-82a2-401b-ac58-086c029cd508', 'created_at': '2025-05-22T14:36:56.903096'}] count=None
[2025-05-22 17:36:55] ✅ Successfully inserted: Gaspatxo
[2025-05-22 17:36:55] ✅ Gaspatxo — 2.85 (1 l)
[2025-05-22 17:36:55] Attempting to insert product: {'name': 'Salmorejo', 'price': 3.15, 'category': 'drinks', 'store_id': 'bonarea', 'quantity': '1 l'}
[2025-05-22 17:36:56] Supabase Response: data=[{'name': 'Salmorejo', 'price': 3.15, 'category': 'drinks', 'store_id': 'bonarea', 'quantity': '1 l', 'id': '6023246e-c285-4ecf-bb36-df9991edacf6', 'created_at': '2025-05-22T14:36:57.22227'}] count=None
[2025-05-22 17:36:56] ✅ Successfully inserted: Salmorejo
[2025-05-22 17:36:56] ✅ Salmorejo — 3.15 (1 l)
[2025-05-22 17:36:56] Attempting to insert product: {'name': 'Gaspatxo bric', 'price': 1.95, 'category': 'drinks', 'store_id': 'bonarea', 'quantity': '1 l'}
[2025-05-22 17:36:56] Supabase Response: data=[{'name': 'Gaspatxo bric', 'price': 1.95, 'category': 'drinks', 'store_id': 'bonarea', 'quantity': '1 l', 'id': 'f71df214-df4c-4b7d-bbda-56d4d3979e23', 'created_at': '2025-05-22T14:36:57.585838'}] count=None
[2025-05-22 17:36:56] ✅ Successfully inserted: Gaspatxo bric
[2025-05-22 17:36:56] ✅ Gaspatxo bric — 1.95 (1 l)
[2025-05-22 17:36:56] Attempting to insert product: {'name': 'Salmorejo bric', 'price': 2.3, 'category': 'drinks', 'store_id': 'bonarea', 'quantity': '1 l'}
[2025-05-22 17:36:57] Supabase Response: data=[{'name': 'Salmorejo bric', 'price': 2.3, 'category': 'drinks', 'store_id': 'bonarea', 'quantity': '1 l', 'id': '99afa569-7350-4b16-b8a5-6fbedbb28889', 'created_at': '2025-05-22T14:36:57.994299'}] count=None
[2025-05-22 17:36:57] ✅ Successfully inserted: Salmorejo bric
[2025-05-22 17:36:57] ✅ Salmorejo bric — 2.3 (1 l)
[2025-05-22 17:36:57] Attempting to insert product: {'name': 'Gaspatxo estil andalús', 'price': 1.1, 'category': 'drinks', 'store_id': 'bonarea', 'quantity': '300 g'}
[2025-05-22 17:36:57] Supabase Response: data=[{'name': 'Gaspatxo estil andalús', 'price': 1.1, 'category': 'drinks', 'store_id': 'bonarea', 'quantity': '300 g', 'id': '1ca69851-cad6-4673-9180-8bfb1d6954b1', 'created_at': '2025-05-22T14:36:58.402505'}] count=None
[2025-05-22 17:36:57] ✅ Successfully inserted: Gaspatxo estil andalús
[2025-05-22 17:36:57] ✅ Gaspatxo estil andalús — 1.1 (300 g)
[2025-05-22 17:36:57] Attempting to insert product: {'name': 'Gaspatxo de maduixa', 'price': 1.25, 'category': 'drinks', 'store_id': 'bonarea', 'quantity': '300 g'}
[2025-05-22 17:36:57] Supabase Response: data=[{'name': 'Gaspatxo de maduixa', 'price': 1.25, 'category': 'drinks', 'store_id': 'bonarea', 'quantity': '300 g', 'id': '2802144c-11aa-4850-87ab-211a5cfa2831', 'created_at': '2025-05-22T14:36:58.811206'}] count=None
[2025-05-22 17:36:57] ✅ Successfully inserted: Gaspatxo de maduixa
[2025-05-22 17:36:57] ✅ Gaspatxo de maduixa — 1.25 (300 g)
[2025-05-22 17:36:57] Attempting to insert product: {'name': 'Hummus', 'price': 0.94, 'category': 'drinks', 'store_id': 'bonarea', 'quantity': '200 g'}
[2025-05-22 17:36:58] Supabase Response: data=[{'name': 'Hummus', 'price': 0.94, 'category': 'drinks', 'store_id': 'bonarea', 'quantity': '200 g', 'id': 'ad2fea78-c115-46a5-a606-cdfc508e359c', 'created_at': '2025-05-22T14:36:59.223683'}] count=None
[2025-05-22 17:36:58] ✅ Successfully inserted: Hummus
[2025-05-22 17:36:58] ✅ Hummus — 0.94 (200 g)
[2025-05-22 17:36:58] Attempting to insert product: {'name': 'Cap de llom filetejat a la planxa', 'price': 2.4, 'category': 'drinks', 'store_id': 'bonarea', 'quantity': 'aprox. 198 g'}
[2025-05-22 17:36:58] Supabase Response: data=[{'name': 'Cap de llom filetejat a la planxa', 'price': 2.4, 'category': 'drinks', 'store_id': 'bonarea', 'quantity': 'aprox. 198 g', 'id': '45c68739-b210-4dab-8729-23053d57f7bd', 'created_at': '2025-05-22T14:36:59.523614'}] count=None
[2025-05-22 17:36:58] ✅ Successfully inserted: Cap de llom filetejat a la planxa
[2025-05-22 17:36:58] ✅ Cap de llom filetejat a la planxa — 2.4 (aprox. 198 g)
[2025-05-22 17:36:58] Attempting to insert product: {'name': "Conill d'espatlla d'anoll", 'price': 17.27, 'category': 'drinks', 'store_id': 'bonarea', 'quantity': 'aprox. 1,6 kg'}
[2025-05-22 17:36:58] Supabase Response: data=[{'name': "Conill d'espatlla d'anoll", 'price': 17.27, 'category': 'drinks', 'store_id': 'bonarea', 'quantity': 'aprox. 1,6 kg', 'id': 'b0b9e76d-a9e4-433e-a321-a5eca46279fd', 'created_at': '2025-05-22T14:36:59.850238'}] count=None
[2025-05-22 17:36:58] ✅ Successfully inserted: Conill d'espatlla d'anoll
[2025-05-22 17:36:58] ✅ Conill d'espatlla d'anoll — 17.27 (aprox. 1,6 kg)
[2025-05-22 17:36:58] Attempting to insert product: {'name': "Jarret d'anoll", 'price': 22.65, 'category': 'drinks', 'store_id': 'bonarea', 'quantity': 'aprox. 2,0 kg'}
[2025-05-22 17:36:59] Supabase Response: data=[{'name': "Jarret d'anoll", 'price': 22.65, 'category': 'drinks', 'store_id': 'bonarea', 'quantity': 'aprox. 2,0 kg', 'id': '2586367a-43e0-463b-8366-41ebb33a0bfb', 'created_at': '2025-05-22T14:37:00.1474'}] count=None
[2025-05-22 17:36:59] ✅ Successfully inserted: Jarret d'anoll
[2025-05-22 17:36:59] ✅ Jarret d'anoll — 22.65 (aprox. 2,0 kg)
[2025-05-22 17:36:59] Attempting to insert product: {'name': 'Mixt de bull negre i donegal', 'price': 1.1, 'category': 'drinks', 'store_id': 'bonarea', 'quantity': 'aprox. 143 g'}
[2025-05-22 17:36:59] Supabase Response: data=[{'name': 'Mixt de bull negre i donegal', 'price': 1.1, 'category': 'drinks', 'store_id': 'bonarea', 'quantity': 'aprox. 143 g', 'id': '465ff7d4-a5a6-4c0a-8050-365ff75cc1ad', 'created_at': '2025-05-22T14:37:00.557748'}] count=None
[2025-05-22 17:36:59] ✅ Successfully inserted: Mixt de bull negre i donegal
[2025-05-22 17:36:59] ✅ Mixt de bull negre i donegal — 1.1 (aprox. 143 g)
[2025-05-22 17:36:59] Attempting to insert product: {'name': 'Càpsules Nescafé Dolce Gusto espresso intens', 'price': 4.25, 'category': 'drinks', 'store_id': 'bonarea', 'quantity': '16 u.'}
[2025-05-22 17:36:59] Supabase Response: data=[{'name': 'Càpsules Nescafé Dolce Gusto espresso intens', 'price': 4.25, 'category': 'drinks', 'store_id': 'bonarea', 'quantity': '16 u.', 'id': 'f4c08a5d-0492-4bd5-9627-380ba838c63a', 'created_at': '2025-05-22T14:37:00.864751'}] count=None
[2025-05-22 17:36:59] ✅ Successfully inserted: Càpsules Nescafé Dolce Gusto espresso intens
[2025-05-22 17:36:59] ✅ Càpsules Nescafé Dolce Gusto espresso intens — 4.25 (16 u.)
[2025-05-22 17:36:59] Attempting to insert product: {'name': 'Salmó adults', 'price': 13.8, 'category': 'drinks', 'store_id': 'bonarea', 'quantity': '10 kg'}
[2025-05-22 17:37:00] Supabase Response: data=[{'name': 'Salmó adults', 'price': 13.8, 'category': 'drinks', 'store_id': 'bonarea', 'quantity': '10 kg', 'id': '90d1413c-18ab-4eaa-aa36-87c3dd12b261', 'created_at': '2025-05-22T14:37:01.166219'}] count=None
[2025-05-22 17:37:00] ✅ Successfully inserted: Salmó adults
[2025-05-22 17:37:00] ✅ Salmó adults — 13.8 (10 kg)
[2025-05-22 17:37:00] Attempting to insert product: {'name': 'Salmó adults', 'price': 4.44, 'category': 'drinks', 'store_id': 'bonarea', 'quantity': '3 kg'}
[2025-05-22 17:37:00] Supabase Response: data=[{'name': 'Salmó adults', 'price': 4.44, 'category': 'drinks', 'store_id': 'bonarea', 'quantity': '3 kg', 'id': '379c2d95-85e9-4a31-89b8-0361fa499d5c', 'created_at': '2025-05-22T14:37:01.472913'}] count=None
[2025-05-22 17:37:00] ✅ Successfully inserted: Salmó adults
[2025-05-22 17:37:00] ✅ Salmó adults — 4.44 (3 kg)
[2025-05-22 17:37:00] Attempting to insert product: {'name': 'Original adults', 'price': 13.6, 'category': 'drinks', 'store_id': 'bonarea', 'quantity': '10 kg'}
[2025-05-22 17:37:00] Supabase Response: data=[{'name': 'Original adults', 'price': 13.6, 'category': 'drinks', 'store_id': 'bonarea', 'quantity': '10 kg', 'id': 'd254333e-6a1d-4704-af05-5ff21b4d45d7', 'created_at': '2025-05-22T14:37:01.779986'}] count=None
[2025-05-22 17:37:00] ✅ Successfully inserted: Original adults
[2025-05-22 17:37:00] ✅ Original adults — 13.6 (10 kg)
[2025-05-22 17:37:00] Attempting to insert product: {'name': 'Original adults', 'price': 4.38, 'category': 'drinks', 'store_id': 'bonarea', 'quantity': '3 kg'}
[2025-05-22 17:37:01] Supabase Response: data=[{'name': 'Original adults', 'price': 4.38, 'category': 'drinks', 'store_id': 'bonarea', 'quantity': '3 kg', 'id': '3d704388-a15d-46fb-a5ba-d7ce20e19d3f', 'created_at': '2025-05-22T14:37:02.080575'}] count=None
[2025-05-22 17:37:01] ✅ Successfully inserted: Original adults
[2025-05-22 17:37:01] ✅ Original adults — 4.38 (3 kg)
[2025-05-22 17:37:01] Attempting to insert product: {'name': 'Junior 2-12 mesos', 'price': 15.9, 'category': 'drinks', 'store_id': 'bonarea', 'quantity': '10 kg'}
[2025-05-22 17:37:01] Supabase Response: data=[{'name': 'Junior 2-12 mesos', 'price': 15.9, 'category': 'drinks', 'store_id': 'bonarea', 'quantity': '10 kg', 'id': 'fccaed1f-6fd6-4882-8384-43caf94903af', 'created_at': '2025-05-22T14:37:02.404009'}] count=None
[2025-05-22 17:37:01] ✅ Successfully inserted: Junior 2-12 mesos
[2025-05-22 17:37:01] ✅ Junior 2-12 mesos — 15.9 (10 kg)
[2025-05-22 17:37:01] Attempting to insert product: {'name': 'Junior 2-12 mesos', 'price': 5.07, 'category': 'drinks', 'store_id': 'bonarea', 'quantity': '3 kg'}
[2025-05-22 17:37:01] Supabase Response: data=[{'name': 'Junior 2-12 mesos', 'price': 5.07, 'category': 'drinks', 'store_id': 'bonarea', 'quantity': '3 kg', 'id': 'f5856a50-87c2-41c4-a054-64c3e80d5c62', 'created_at': '2025-05-22T14:37:02.801834'}] count=None
[2025-05-22 17:37:01] ✅ Successfully inserted: Junior 2-12 mesos
[2025-05-22 17:37:01] ✅ Junior 2-12 mesos — 5.07 (3 kg)
[2025-05-22 17:37:01] Attempting to insert product: {'name': 'Pit de pollastre groc sencer', 'price': 4.54, 'category': 'drinks', 'store_id': 'bonarea', 'quantity': 'aprox. 693 g'}
[2025-05-22 17:37:02] Supabase Response: data=[{'name': 'Pit de pollastre groc sencer', 'price': 4.54, 'category': 'drinks', 'store_id': 'bonarea', 'quantity': 'aprox. 693 g', 'id': '7f40a596-5f14-4bd4-be39-b752c8da4a5b', 'created_at': '2025-05-22T14:37:03.113423'}] count=None
[2025-05-22 17:37:02] ✅ Successfully inserted: Pit de pollastre groc sencer
[2025-05-22 17:37:02] ✅ Pit de pollastre groc sencer — 4.54 (aprox. 693 g)
[2025-05-22 17:37:02] Attempting to insert product: {'name': 'Pernilets de pollastre groc', 'price': 3.64, 'category': 'drinks', 'store_id': 'bonarea', 'quantity': 'aprox. 1,0 kg'}
[2025-05-22 17:37:02] Supabase Response: data=[{'name': 'Pernilets de pollastre groc', 'price': 3.64, 'category': 'drinks', 'store_id': 'bonarea', 'quantity': 'aprox. 1,0 kg', 'id': '1b2bb797-708b-48c8-bae4-182f7d2cdf97', 'created_at': '2025-05-22T14:37:03.412611'}] count=None
[2025-05-22 17:37:02] ✅ Successfully inserted: Pernilets de pollastre groc
[2025-05-22 17:37:02] ✅ Pernilets de pollastre groc — 3.64 (aprox. 1,0 kg)
[2025-05-22 17:37:02] Attempting to insert product: {'name': 'Pit de pollastre blanc sencer', 'price': 4.68, 'category': 'drinks', 'store_id': 'bonarea', 'quantity': 'aprox. 715 g'}
[2025-05-22 17:37:02] Supabase Response: data=[{'name': 'Pit de pollastre blanc sencer', 'price': 4.68, 'category': 'drinks', 'store_id': 'bonarea', 'quantity': 'aprox. 715 g', 'id': 'f44a9132-a706-496a-9cdf-b0cea7f257a6', 'created_at': '2025-05-22T14:37:03.741384'}] count=None
[2025-05-22 17:37:02] ✅ Successfully inserted: Pit de pollastre blanc sencer
[2025-05-22 17:37:02] ✅ Pit de pollastre blanc sencer — 4.68 (aprox. 715 g)
[2025-05-22 17:37:02] Attempting to insert product: {'name': 'Pernilets de pollastre blanc', 'price': 3.8, 'category': 'drinks', 'store_id': 'bonarea', 'quantity': 'aprox. 1,1 kg'}
[2025-05-22 17:37:02] Supabase Response: data=[{'name': 'Pernilets de pollastre blanc', 'price': 3.8, 'category': 'drinks', 'store_id': 'bonarea', 'quantity': 'aprox. 1,1 kg', 'id': '342b2067-3020-43c4-8b2f-fc0fb8731116', 'created_at': '2025-05-22T14:37:04.034406'}] count=None
[2025-05-22 17:37:02] ✅ Successfully inserted: Pernilets de pollastre blanc
[2025-05-22 17:37:02] ✅ Pernilets de pollastre blanc — 3.8 (aprox. 1,1 kg)
[2025-05-22 17:37:03] Attempting to insert product: {'name': 'Pit de pollastre groc filetejat', 'price': 4.69, 'category': 'drinks', 'store_id': 'bonarea', 'quantity': 'aprox. 660 g'}
[2025-05-22 17:37:03] Supabase Response: data=[{'name': 'Pit de pollastre groc filetejat', 'price': 4.69, 'category': 'drinks', 'store_id': 'bonarea', 'quantity': 'aprox. 660 g', 'id': 'a192c820-a707-47ff-a4ed-90a0c32c1ab4', 'created_at': '2025-05-22T14:37:04.342338'}] count=None
[2025-05-22 17:37:03] ✅ Successfully inserted: Pit de pollastre groc filetejat
[2025-05-22 17:37:03] ✅ Pit de pollastre groc filetejat — 4.69 (aprox. 660 g)
[2025-05-22 17:37:03] Attempting to insert product: {'name': 'Pit de pollastre sencer 65% cereals', 'price': 4.57, 'category': 'drinks', 'store_id': 'bonarea', 'quantity': 'aprox. 605 g'}
[2025-05-22 17:37:03] Supabase Response: data=[{'name': 'Pit de pollastre sencer 65% cereals', 'price': 4.57, 'category': 'drinks', 'store_id': 'bonarea', 'quantity': 'aprox. 605 g', 'id': 'f3366e8f-d804-4703-9be4-f6632cb778ce', 'created_at': '2025-05-22T14:37:04.66761'}] count=None
[2025-05-22 17:37:03] ✅ Successfully inserted: Pit de pollastre sencer 65% cereals
[2025-05-22 17:37:03] ✅ Pit de pollastre sencer 65% cereals — 4.57 (aprox. 605 g)
[2025-05-22 17:37:04] 🌐 Visiting: https://www.bonarea-online.com/online/dolcos
[2025-05-22 17:37:10] 🔄 Total products loaded: 24
[2025-05-22 17:37:12] 🔄 Total products loaded: 24
[2025-05-22 17:37:12] 🛑 No new products after scrolling. Stopping scroll.
[2025-05-22 17:37:12] 🔎 Found 24 product(s) in category 'sweets'
[2025-05-22 17:37:12] Attempting to insert product: {'name': 'Gaspatxo', 'price': 2.85, 'category': 'sweets', 'store_id': 'bonarea', 'quantity': '1 l'}
[2025-05-22 17:37:12] Supabase Response: data=[{'name': 'Gaspatxo', 'price': 2.85, 'category': 'sweets', 'store_id': 'bonarea', 'quantity': '1 l', 'id': '34519038-4014-4510-ac6d-65795c34ff01', 'created_at': '2025-05-22T14:37:14.025936'}] count=None
[2025-05-22 17:37:12] ✅ Successfully inserted: Gaspatxo
[2025-05-22 17:37:12] ✅ Gaspatxo — 2.85 (1 l)
[2025-05-22 17:37:13] Attempting to insert product: {'name': 'Salmorejo', 'price': 3.15, 'category': 'sweets', 'store_id': 'bonarea', 'quantity': '1 l'}
[2025-05-22 17:37:13] Supabase Response: data=[{'name': 'Salmorejo', 'price': 3.15, 'category': 'sweets', 'store_id': 'bonarea', 'quantity': '1 l', 'id': 'a267839c-8c4a-46e6-bc06-0c5091673dd3', 'created_at': '2025-05-22T14:37:14.444578'}] count=None
[2025-05-22 17:37:13] ✅ Successfully inserted: Salmorejo
[2025-05-22 17:37:13] ✅ Salmorejo — 3.15 (1 l)
[2025-05-22 17:37:13] Attempting to insert product: {'name': 'Gaspatxo bric', 'price': 1.95, 'category': 'sweets', 'store_id': 'bonarea', 'quantity': '1 l'}
[2025-05-22 17:37:13] Supabase Response: data=[{'name': 'Gaspatxo bric', 'price': 1.95, 'category': 'sweets', 'store_id': 'bonarea', 'quantity': '1 l', 'id': '43f09b23-4515-4f81-9147-64e557ae934e', 'created_at': '2025-05-22T14:37:14.796376'}] count=None
[2025-05-22 17:37:13] ✅ Successfully inserted: Gaspatxo bric
[2025-05-22 17:37:13] ✅ Gaspatxo bric — 1.95 (1 l)
[2025-05-22 17:37:13] Attempting to insert product: {'name': 'Salmorejo bric', 'price': 2.3, 'category': 'sweets', 'store_id': 'bonarea', 'quantity': '1 l'}
[2025-05-22 17:37:14] Supabase Response: data=[{'name': 'Salmorejo bric', 'price': 2.3, 'category': 'sweets', 'store_id': 'bonarea', 'quantity': '1 l', 'id': '8d46e349-5dc7-4088-a4fc-5fd4f601b517', 'created_at': '2025-05-22T14:37:15.22401'}] count=None
[2025-05-22 17:37:14] ✅ Successfully inserted: Salmorejo bric
[2025-05-22 17:37:14] ✅ Salmorejo bric — 2.3 (1 l)
[2025-05-22 17:37:14] Attempting to insert product: {'name': 'Gaspatxo estil andalús', 'price': 1.1, 'category': 'sweets', 'store_id': 'bonarea', 'quantity': '300 g'}
[2025-05-22 17:37:14] Supabase Response: data=[{'name': 'Gaspatxo estil andalús', 'price': 1.1, 'category': 'sweets', 'store_id': 'bonarea', 'quantity': '300 g', 'id': '70dd3a81-6140-498b-b1e3-5e5abb17383e', 'created_at': '2025-05-22T14:37:15.611818'}] count=None
[2025-05-22 17:37:14] ✅ Successfully inserted: Gaspatxo estil andalús
[2025-05-22 17:37:14] ✅ Gaspatxo estil andalús — 1.1 (300 g)
[2025-05-22 17:37:14] Attempting to insert product: {'name': 'Gaspatxo de maduixa', 'price': 1.25, 'category': 'sweets', 'store_id': 'bonarea', 'quantity': '300 g'}
[2025-05-22 17:37:15] Supabase Response: data=[{'name': 'Gaspatxo de maduixa', 'price': 1.25, 'category': 'sweets', 'store_id': 'bonarea', 'quantity': '300 g', 'id': '31be5591-4554-4c31-94e2-339f01f0ec72', 'created_at': '2025-05-22T14:37:16.046131'}] count=None
[2025-05-22 17:37:15] ✅ Successfully inserted: Gaspatxo de maduixa
[2025-05-22 17:37:15] ✅ Gaspatxo de maduixa — 1.25 (300 g)
[2025-05-22 17:37:15] Attempting to insert product: {'name': 'Hummus', 'price': 0.94, 'category': 'sweets', 'store_id': 'bonarea', 'quantity': '200 g'}
[2025-05-22 17:37:15] Supabase Response: data=[{'name': 'Hummus', 'price': 0.94, 'category': 'sweets', 'store_id': 'bonarea', 'quantity': '200 g', 'id': 'd1d57865-6b92-4588-a0bd-ead78534e3e4', 'created_at': '2025-05-22T14:37:16.432743'}] count=None
[2025-05-22 17:37:15] ✅ Successfully inserted: Hummus
[2025-05-22 17:37:15] ✅ Hummus — 0.94 (200 g)
[2025-05-22 17:37:15] Attempting to insert product: {'name': 'Cap de llom filetejat a la planxa', 'price': 2.4, 'category': 'sweets', 'store_id': 'bonarea', 'quantity': 'aprox. 198 g'}
[2025-05-22 17:37:15] Supabase Response: data=[{'name': 'Cap de llom filetejat a la planxa', 'price': 2.4, 'category': 'sweets', 'store_id': 'bonarea', 'quantity': 'aprox. 198 g', 'id': 'bb1cc782-05f8-4cf6-b0fb-9b09471caf6b', 'created_at': '2025-05-22T14:37:16.74941'}] count=None
[2025-05-22 17:37:15] ✅ Successfully inserted: Cap de llom filetejat a la planxa
[2025-05-22 17:37:15] ✅ Cap de llom filetejat a la planxa — 2.4 (aprox. 198 g)
[2025-05-22 17:37:15] Attempting to insert product: {'name': "Conill d'espatlla d'anoll", 'price': 17.27, 'category': 'sweets', 'store_id': 'bonarea', 'quantity': 'aprox. 1,6 kg'}
[2025-05-22 17:37:15] Supabase Response: data=[{'name': "Conill d'espatlla d'anoll", 'price': 17.27, 'category': 'sweets', 'store_id': 'bonarea', 'quantity': 'aprox. 1,6 kg', 'id': '6e1990d7-9e0a-45db-b47c-eeb6b4aadf5a', 'created_at': '2025-05-22T14:37:17.060858'}] count=None
[2025-05-22 17:37:15] ✅ Successfully inserted: Conill d'espatlla d'anoll
[2025-05-22 17:37:15] ✅ Conill d'espatlla d'anoll — 17.27 (aprox. 1,6 kg)
[2025-05-22 17:37:16] Attempting to insert product: {'name': "Jarret d'anoll", 'price': 22.65, 'category': 'sweets', 'store_id': 'bonarea', 'quantity': 'aprox. 2,0 kg'}
[2025-05-22 17:37:16] Supabase Response: data=[{'name': "Jarret d'anoll", 'price': 22.65, 'category': 'sweets', 'store_id': 'bonarea', 'quantity': 'aprox. 2,0 kg', 'id': '3b5e6637-5eee-4f53-813c-e721f3a0656d', 'created_at': '2025-05-22T14:37:17.367902'}] count=None
[2025-05-22 17:37:16] ✅ Successfully inserted: Jarret d'anoll
[2025-05-22 17:37:16] ✅ Jarret d'anoll — 22.65 (aprox. 2,0 kg)
[2025-05-22 17:37:16] Attempting to insert product: {'name': 'Mixt de bull negre i donegal', 'price': 1.1, 'category': 'sweets', 'store_id': 'bonarea', 'quantity': 'aprox. 143 g'}
[2025-05-22 17:37:16] Supabase Response: data=[{'name': 'Mixt de bull negre i donegal', 'price': 1.1, 'category': 'sweets', 'store_id': 'bonarea', 'quantity': 'aprox. 143 g', 'id': 'd9734e4e-0789-4acd-8dab-eb193344ebe5', 'created_at': '2025-05-22T14:37:17.653401'}] count=None
[2025-05-22 17:37:16] ✅ Successfully inserted: Mixt de bull negre i donegal
[2025-05-22 17:37:16] ✅ Mixt de bull negre i donegal — 1.1 (aprox. 143 g)
[2025-05-22 17:37:16] Attempting to insert product: {'name': 'Càpsules Nescafé Dolce Gusto espresso intens', 'price': 4.25, 'category': 'sweets', 'store_id': 'bonarea', 'quantity': '16 u.'}
[2025-05-22 17:37:16] Supabase Response: data=[{'name': 'Càpsules Nescafé Dolce Gusto espresso intens', 'price': 4.25, 'category': 'sweets', 'store_id': 'bonarea', 'quantity': '16 u.', 'id': '1eac6827-0d74-4db3-adff-512189cf1388', 'created_at': '2025-05-22T14:37:17.962561'}] count=None
[2025-05-22 17:37:16] ✅ Successfully inserted: Càpsules Nescafé Dolce Gusto espresso intens
[2025-05-22 17:37:16] ✅ Càpsules Nescafé Dolce Gusto espresso intens — 4.25 (16 u.)
[2025-05-22 17:37:16] Attempting to insert product: {'name': 'Salmó adults', 'price': 13.8, 'category': 'sweets', 'store_id': 'bonarea', 'quantity': '10 kg'}
[2025-05-22 17:37:17] Supabase Response: data=[{'name': 'Salmó adults', 'price': 13.8, 'category': 'sweets', 'store_id': 'bonarea', 'quantity': '10 kg', 'id': '71daacb2-a7c9-49ec-841a-59bb977ec70b', 'created_at': '2025-05-22T14:37:18.275795'}] count=None
[2025-05-22 17:37:17] ✅ Successfully inserted: Salmó adults
[2025-05-22 17:37:17] ✅ Salmó adults — 13.8 (10 kg)
[2025-05-22 17:37:17] Attempting to insert product: {'name': 'Salmó adults', 'price': 4.44, 'category': 'sweets', 'store_id': 'bonarea', 'quantity': '3 kg'}
[2025-05-22 17:37:17] Supabase Response: data=[{'name': 'Salmó adults', 'price': 4.44, 'category': 'sweets', 'store_id': 'bonarea', 'quantity': '3 kg', 'id': 'c8e99dfa-f24f-4426-85c7-5383de77aef7', 'created_at': '2025-05-22T14:37:18.565294'}] count=None
[2025-05-22 17:37:17] ✅ Successfully inserted: Salmó adults
[2025-05-22 17:37:17] ✅ Salmó adults — 4.44 (3 kg)
[2025-05-22 17:37:17] Attempting to insert product: {'name': 'Original adults', 'price': 13.6, 'category': 'sweets', 'store_id': 'bonarea', 'quantity': '10 kg'}
[2025-05-22 17:37:17] Supabase Response: data=[{'name': 'Original adults', 'price': 13.6, 'category': 'sweets', 'store_id': 'bonarea', 'quantity': '10 kg', 'id': '66dda1e9-ed81-4a1c-a34d-6fd32cf827cc', 'created_at': '2025-05-22T14:37:18.885222'}] count=None
[2025-05-22 17:37:17] ✅ Successfully inserted: Original adults
[2025-05-22 17:37:17] ✅ Original adults — 13.6 (10 kg)
[2025-05-22 17:37:17] Attempting to insert product: {'name': 'Original adults', 'price': 4.38, 'category': 'sweets', 'store_id': 'bonarea', 'quantity': '3 kg'}
[2025-05-22 17:37:18] Supabase Response: data=[{'name': 'Original adults', 'price': 4.38, 'category': 'sweets', 'store_id': 'bonarea', 'quantity': '3 kg', 'id': '71969244-a0f6-4d73-ac16-640a1cb39716', 'created_at': '2025-05-22T14:37:19.189302'}] count=None
[2025-05-22 17:37:18] ✅ Successfully inserted: Original adults
[2025-05-22 17:37:18] ✅ Original adults — 4.38 (3 kg)
[2025-05-22 17:37:18] Attempting to insert product: {'name': 'Junior 2-12 mesos', 'price': 15.9, 'category': 'sweets', 'store_id': 'bonarea', 'quantity': '10 kg'}
[2025-05-22 17:37:18] Supabase Response: data=[{'name': 'Junior 2-12 mesos', 'price': 15.9, 'category': 'sweets', 'store_id': 'bonarea', 'quantity': '10 kg', 'id': 'f97fd4da-1fff-43ec-b9c0-7af72d65eec1', 'created_at': '2025-05-22T14:37:19.500444'}] count=None
[2025-05-22 17:37:18] ✅ Successfully inserted: Junior 2-12 mesos
[2025-05-22 17:37:18] ✅ Junior 2-12 mesos — 15.9 (10 kg)
[2025-05-22 17:37:18] Attempting to insert product: {'name': 'Junior 2-12 mesos', 'price': 5.07, 'category': 'sweets', 'store_id': 'bonarea', 'quantity': '3 kg'}
[2025-05-22 17:37:18] Supabase Response: data=[{'name': 'Junior 2-12 mesos', 'price': 5.07, 'category': 'sweets', 'store_id': 'bonarea', 'quantity': '3 kg', 'id': '7d8ddaf5-61b6-4f00-97f7-000c3982e462', 'created_at': '2025-05-22T14:37:19.810186'}] count=None
[2025-05-22 17:37:18] ✅ Successfully inserted: Junior 2-12 mesos
[2025-05-22 17:37:18] ✅ Junior 2-12 mesos — 5.07 (3 kg)
[2025-05-22 17:37:18] Attempting to insert product: {'name': 'Pit de pollastre groc sencer', 'price': 4.54, 'category': 'sweets', 'store_id': 'bonarea', 'quantity': 'aprox. 693 g'}
[2025-05-22 17:37:19] Supabase Response: data=[{'name': 'Pit de pollastre groc sencer', 'price': 4.54, 'category': 'sweets', 'store_id': 'bonarea', 'quantity': 'aprox. 693 g', 'id': 'ec441327-07c0-4eb5-ab09-f21b5e1e33ad', 'created_at': '2025-05-22T14:37:20.115509'}] count=None
[2025-05-22 17:37:19] ✅ Successfully inserted: Pit de pollastre groc sencer
[2025-05-22 17:37:19] ✅ Pit de pollastre groc sencer — 4.54 (aprox. 693 g)
[2025-05-22 17:37:19] Attempting to insert product: {'name': 'Pernilets de pollastre groc', 'price': 3.64, 'category': 'sweets', 'store_id': 'bonarea', 'quantity': 'aprox. 1,0 kg'}
[2025-05-22 17:37:19] Supabase Response: data=[{'name': 'Pernilets de pollastre groc', 'price': 3.64, 'category': 'sweets', 'store_id': 'bonarea', 'quantity': 'aprox. 1,0 kg', 'id': 'db68dd5f-8ab5-4886-8730-90830959da34', 'created_at': '2025-05-22T14:37:20.418434'}] count=None
[2025-05-22 17:37:19] ✅ Successfully inserted: Pernilets de pollastre groc
[2025-05-22 17:37:19] ✅ Pernilets de pollastre groc — 3.64 (aprox. 1,0 kg)
[2025-05-22 17:37:19] Attempting to insert product: {'name': 'Pit de pollastre blanc sencer', 'price': 4.68, 'category': 'sweets', 'store_id': 'bonarea', 'quantity': 'aprox. 715 g'}
[2025-05-22 17:37:19] Supabase Response: data=[{'name': 'Pit de pollastre blanc sencer', 'price': 4.68, 'category': 'sweets', 'store_id': 'bonarea', 'quantity': 'aprox. 715 g', 'id': '3ac05cdd-4734-4b07-8c08-2b4722c91ac8', 'created_at': '2025-05-22T14:37:20.744827'}] count=None
[2025-05-22 17:37:19] ✅ Successfully inserted: Pit de pollastre blanc sencer
[2025-05-22 17:37:19] ✅ Pit de pollastre blanc sencer — 4.68 (aprox. 715 g)
[2025-05-22 17:37:19] Attempting to insert product: {'name': 'Pernilets de pollastre blanc', 'price': 3.8, 'category': 'sweets', 'store_id': 'bonarea', 'quantity': 'aprox. 1,1 kg'}
[2025-05-22 17:37:20] Supabase Response: data=[{'name': 'Pernilets de pollastre blanc', 'price': 3.8, 'category': 'sweets', 'store_id': 'bonarea', 'quantity': 'aprox. 1,1 kg', 'id': '9d345e2a-d5cb-4925-8009-5a320883bd00', 'created_at': '2025-05-22T14:37:21.134302'}] count=None
[2025-05-22 17:37:20] ✅ Successfully inserted: Pernilets de pollastre blanc
[2025-05-22 17:37:20] ✅ Pernilets de pollastre blanc — 3.8 (aprox. 1,1 kg)
[2025-05-22 17:37:20] Attempting to insert product: {'name': 'Pit de pollastre groc filetejat', 'price': 4.69, 'category': 'sweets', 'store_id': 'bonarea', 'quantity': 'aprox. 660 g'}
[2025-05-22 17:37:20] Supabase Response: data=[{'name': 'Pit de pollastre groc filetejat', 'price': 4.69, 'category': 'sweets', 'store_id': 'bonarea', 'quantity': 'aprox. 660 g', 'id': '51df009b-0446-495e-8654-c4c11f493ddb', 'created_at': '2025-05-22T14:37:21.463827'}] count=None
[2025-05-22 17:37:20] ✅ Successfully inserted: Pit de pollastre groc filetejat
[2025-05-22 17:37:20] ✅ Pit de pollastre groc filetejat — 4.69 (aprox. 660 g)
[2025-05-22 17:37:20] Attempting to insert product: {'name': 'Pit de pollastre sencer 65% cereals', 'price': 4.57, 'category': 'sweets', 'store_id': 'bonarea', 'quantity': 'aprox. 605 g'}
[2025-05-22 17:37:20] Supabase Response: data=[{'name': 'Pit de pollastre sencer 65% cereals', 'price': 4.57, 'category': 'sweets', 'store_id': 'bonarea', 'quantity': 'aprox. 605 g', 'id': 'c06da8f0-3913-43cc-81a8-f6e10690019e', 'created_at': '2025-05-22T14:37:21.868268'}] count=None
[2025-05-22 17:37:20] ✅ Successfully inserted: Pit de pollastre sencer 65% cereals
[2025-05-22 17:37:20] ✅ Pit de pollastre sencer 65% cereals — 4.57 (aprox. 605 g)
[2025-05-22 17:37:21] 🌐 Visiting: https://www.bonarea-online.com/online/congelats
[2025-05-22 17:37:27] 🔄 Total products loaded: 24
[2025-05-22 17:37:29] 🔄 Total products loaded: 24
[2025-05-22 17:37:29] 🛑 No new products after scrolling. Stopping scroll.
[2025-05-22 17:37:29] 🔎 Found 24 product(s) in category 'frozen'
[2025-05-22 17:37:29] Attempting to insert product: {'name': 'Gaspatxo', 'price': 2.85, 'category': 'frozen', 'store_id': 'bonarea', 'quantity': '1 l'}
[2025-05-22 17:37:29] Supabase Response: data=[{'name': 'Gaspatxo', 'price': 2.85, 'category': 'frozen', 'store_id': 'bonarea', 'quantity': '1 l', 'id': '2c998399-00d9-49ee-8caf-d325af0f9984', 'created_at': '2025-05-22T14:37:30.826024'}] count=None
[2025-05-22 17:37:29] ✅ Successfully inserted: Gaspatxo
[2025-05-22 17:37:29] ✅ Gaspatxo — 2.85 (1 l)
[2025-05-22 17:37:29] Attempting to insert product: {'name': 'Salmorejo', 'price': 3.15, 'category': 'frozen', 'store_id': 'bonarea', 'quantity': '1 l'}
[2025-05-22 17:37:30] Supabase Response: data=[{'name': 'Salmorejo', 'price': 3.15, 'category': 'frozen', 'store_id': 'bonarea', 'quantity': '1 l', 'id': 'af22a9fe-4877-44aa-84ca-4d197489603e', 'created_at': '2025-05-22T14:37:31.167848'}] count=None
[2025-05-22 17:37:30] ✅ Successfully inserted: Salmorejo
[2025-05-22 17:37:30] ✅ Salmorejo — 3.15 (1 l)
[2025-05-22 17:37:30] Attempting to insert product: {'name': 'Gaspatxo bric', 'price': 1.95, 'category': 'frozen', 'store_id': 'bonarea', 'quantity': '1 l'}
[2025-05-22 17:37:30] Supabase Response: data=[{'name': 'Gaspatxo bric', 'price': 1.95, 'category': 'frozen', 'store_id': 'bonarea', 'quantity': '1 l', 'id': 'a6bd57e6-dc86-4fc4-8469-c67d20336c1a', 'created_at': '2025-05-22T14:37:31.481443'}] count=None
[2025-05-22 17:37:30] ✅ Successfully inserted: Gaspatxo bric
[2025-05-22 17:37:30] ✅ Gaspatxo bric — 1.95 (1 l)
[2025-05-22 17:37:30] Attempting to insert product: {'name': 'Salmorejo bric', 'price': 2.3, 'category': 'frozen', 'store_id': 'bonarea', 'quantity': '1 l'}
[2025-05-22 17:37:30] Supabase Response: data=[{'name': 'Salmorejo bric', 'price': 2.3, 'category': 'frozen', 'store_id': 'bonarea', 'quantity': '1 l', 'id': '2abf20b8-43cb-498d-b9b0-3232a96ac08e', 'created_at': '2025-05-22T14:37:31.80562'}] count=None
[2025-05-22 17:37:30] ✅ Successfully inserted: Salmorejo bric
[2025-05-22 17:37:30] ✅ Salmorejo bric — 2.3 (1 l)
[2025-05-22 17:37:30] Attempting to insert product: {'name': 'Gaspatxo estil andalús', 'price': 1.1, 'category': 'frozen', 'store_id': 'bonarea', 'quantity': '300 g'}
[2025-05-22 17:37:31] Supabase Response: data=[{'name': 'Gaspatxo estil andalús', 'price': 1.1, 'category': 'frozen', 'store_id': 'bonarea', 'quantity': '300 g', 'id': '6f23ddde-628f-448e-bdf2-805ace8a0eda', 'created_at': '2025-05-22T14:37:32.216904'}] count=None
[2025-05-22 17:37:31] ✅ Successfully inserted: Gaspatxo estil andalús
[2025-05-22 17:37:31] ✅ Gaspatxo estil andalús — 1.1 (300 g)
[2025-05-22 17:37:31] Attempting to insert product: {'name': 'Gaspatxo de maduixa', 'price': 1.25, 'category': 'frozen', 'store_id': 'bonarea', 'quantity': '300 g'}
[2025-05-22 17:37:31] Supabase Response: data=[{'name': 'Gaspatxo de maduixa', 'price': 1.25, 'category': 'frozen', 'store_id': 'bonarea', 'quantity': '300 g', 'id': 'ab04545b-8deb-4028-9cd5-0202bfe7569b', 'created_at': '2025-05-22T14:37:32.599855'}] count=None
[2025-05-22 17:37:31] ✅ Successfully inserted: Gaspatxo de maduixa
[2025-05-22 17:37:31] ✅ Gaspatxo de maduixa — 1.25 (300 g)
[2025-05-22 17:37:31] Attempting to insert product: {'name': 'Hummus', 'price': 0.94, 'category': 'frozen', 'store_id': 'bonarea', 'quantity': '200 g'}
[2025-05-22 17:37:31] Supabase Response: data=[{'name': 'Hummus', 'price': 0.94, 'category': 'frozen', 'store_id': 'bonarea', 'quantity': '200 g', 'id': 'c5e11533-9e10-465d-8ad0-0f0ea931d3c9', 'created_at': '2025-05-22T14:37:32.901854'}] count=None
[2025-05-22 17:37:31] ✅ Successfully inserted: Hummus
[2025-05-22 17:37:31] ✅ Hummus — 0.94 (200 g)
[2025-05-22 17:37:31] Attempting to insert product: {'name': 'Cap de llom filetejat a la planxa', 'price': 2.4, 'category': 'frozen', 'store_id': 'bonarea', 'quantity': 'aprox. 198 g'}
[2025-05-22 17:37:32] Supabase Response: data=[{'name': 'Cap de llom filetejat a la planxa', 'price': 2.4, 'category': 'frozen', 'store_id': 'bonarea', 'quantity': 'aprox. 198 g', 'id': '77ee79b0-121d-4a89-b47b-d475cc1b424b', 'created_at': '2025-05-22T14:37:33.205066'}] count=None
[2025-05-22 17:37:32] ✅ Successfully inserted: Cap de llom filetejat a la planxa
[2025-05-22 17:37:32] ✅ Cap de llom filetejat a la planxa — 2.4 (aprox. 198 g)
[2025-05-22 17:37:32] Attempting to insert product: {'name': "Conill d'espatlla d'anoll", 'price': 17.27, 'category': 'frozen', 'store_id': 'bonarea', 'quantity': 'aprox. 1,6 kg'}
[2025-05-22 17:37:32] Supabase Response: data=[{'name': "Conill d'espatlla d'anoll", 'price': 17.27, 'category': 'frozen', 'store_id': 'bonarea', 'quantity': 'aprox. 1,6 kg', 'id': 'd5673843-8b1f-4f47-a6b2-846c74cf7372', 'created_at': '2025-05-22T14:37:33.526123'}] count=None
[2025-05-22 17:37:32] ✅ Successfully inserted: Conill d'espatlla d'anoll
[2025-05-22 17:37:32] ✅ Conill d'espatlla d'anoll — 17.27 (aprox. 1,6 kg)
[2025-05-22 17:37:32] Attempting to insert product: {'name': "Jarret d'anoll", 'price': 22.65, 'category': 'frozen', 'store_id': 'bonarea', 'quantity': 'aprox. 2,0 kg'}
[2025-05-22 17:37:32] Supabase Response: data=[{'name': "Jarret d'anoll", 'price': 22.65, 'category': 'frozen', 'store_id': 'bonarea', 'quantity': 'aprox. 2,0 kg', 'id': 'a2c945a9-301a-4c6c-9f61-0f9b7bdd9c2a', 'created_at': '2025-05-22T14:37:33.833709'}] count=None
[2025-05-22 17:37:32] ✅ Successfully inserted: Jarret d'anoll
[2025-05-22 17:37:32] ✅ Jarret d'anoll — 22.65 (aprox. 2,0 kg)
[2025-05-22 17:37:32] Attempting to insert product: {'name': 'Mixt de bull negre i donegal', 'price': 1.1, 'category': 'frozen', 'store_id': 'bonarea', 'quantity': 'aprox. 143 g'}
[2025-05-22 17:37:33] Supabase Response: data=[{'name': 'Mixt de bull negre i donegal', 'price': 1.1, 'category': 'frozen', 'store_id': 'bonarea', 'quantity': 'aprox. 143 g', 'id': '5feb0b40-ee45-4c74-a92a-eda68650e487', 'created_at': '2025-05-22T14:37:34.164595'}] count=None
[2025-05-22 17:37:33] ✅ Successfully inserted: Mixt de bull negre i donegal
[2025-05-22 17:37:33] ✅ Mixt de bull negre i donegal — 1.1 (aprox. 143 g)
[2025-05-22 17:37:33] Attempting to insert product: {'name': 'Càpsules Nescafé Dolce Gusto espresso intens', 'price': 4.25, 'category': 'frozen', 'store_id': 'bonarea', 'quantity': '16 u.'}
[2025-05-22 17:37:33] Supabase Response: data=[{'name': 'Càpsules Nescafé Dolce Gusto espresso intens', 'price': 4.25, 'category': 'frozen', 'store_id': 'bonarea', 'quantity': '16 u.', 'id': 'd7ab3f65-5072-46ad-9452-98793b205a34', 'created_at': '2025-05-22T14:37:34.565336'}] count=None
[2025-05-22 17:37:33] ✅ Successfully inserted: Càpsules Nescafé Dolce Gusto espresso intens
[2025-05-22 17:37:33] ✅ Càpsules Nescafé Dolce Gusto espresso intens — 4.25 (16 u.)
[2025-05-22 17:37:33] Attempting to insert product: {'name': 'Salmó adults', 'price': 13.8, 'category': 'frozen', 'store_id': 'bonarea', 'quantity': '10 kg'}
[2025-05-22 17:37:33] Supabase Response: data=[{'name': 'Salmó adults', 'price': 13.8, 'category': 'frozen', 'store_id': 'bonarea', 'quantity': '10 kg', 'id': '270bd9cf-553c-4dd6-ab3c-9bc9ac74d307', 'created_at': '2025-05-22T14:37:34.867396'}] count=None
[2025-05-22 17:37:33] ✅ Successfully inserted: Salmó adults
[2025-05-22 17:37:33] ✅ Salmó adults — 13.8 (10 kg)
[2025-05-22 17:37:33] Attempting to insert product: {'name': 'Salmó adults', 'price': 4.44, 'category': 'frozen', 'store_id': 'bonarea', 'quantity': '3 kg'}
[2025-05-22 17:37:34] Supabase Response: data=[{'name': 'Salmó adults', 'price': 4.44, 'category': 'frozen', 'store_id': 'bonarea', 'quantity': '3 kg', 'id': '2e5bfe18-edf3-4c5f-905b-400cea97ad1c', 'created_at': '2025-05-22T14:37:35.167104'}] count=None
[2025-05-22 17:37:34] ✅ Successfully inserted: Salmó adults
[2025-05-22 17:37:34] ✅ Salmó adults — 4.44 (3 kg)
[2025-05-22 17:37:34] Attempting to insert product: {'name': 'Original adults', 'price': 13.6, 'category': 'frozen', 'store_id': 'bonarea', 'quantity': '10 kg'}
[2025-05-22 17:37:34] Supabase Response: data=[{'name': 'Original adults', 'price': 13.6, 'category': 'frozen', 'store_id': 'bonarea', 'quantity': '10 kg', 'id': 'bfe24387-63c4-4e25-8798-563d5d73d0b2', 'created_at': '2025-05-22T14:37:35.470038'}] count=None
[2025-05-22 17:37:34] ✅ Successfully inserted: Original adults
[2025-05-22 17:37:34] ✅ Original adults — 13.6 (10 kg)
[2025-05-22 17:37:34] Attempting to insert product: {'name': 'Original adults', 'price': 4.38, 'category': 'frozen', 'store_id': 'bonarea', 'quantity': '3 kg'}
[2025-05-22 17:37:34] Supabase Response: data=[{'name': 'Original adults', 'price': 4.38, 'category': 'frozen', 'store_id': 'bonarea', 'quantity': '3 kg', 'id': 'a95810ce-81ea-4331-9a4b-cfc88c871056', 'created_at': '2025-05-22T14:37:35.779011'}] count=None
[2025-05-22 17:37:34] ✅ Successfully inserted: Original adults
[2025-05-22 17:37:34] ✅ Original adults — 4.38 (3 kg)
[2025-05-22 17:37:34] Attempting to insert product: {'name': 'Junior 2-12 mesos', 'price': 15.9, 'category': 'frozen', 'store_id': 'bonarea', 'quantity': '10 kg'}
[2025-05-22 17:37:35] Supabase Response: data=[{'name': 'Junior 2-12 mesos', 'price': 15.9, 'category': 'frozen', 'store_id': 'bonarea', 'quantity': '10 kg', 'id': 'bd3f7e5c-82e2-4c29-be79-f844d7e584fb', 'created_at': '2025-05-22T14:37:36.082111'}] count=None
[2025-05-22 17:37:35] ✅ Successfully inserted: Junior 2-12 mesos
[2025-05-22 17:37:35] ✅ Junior 2-12 mesos — 15.9 (10 kg)
[2025-05-22 17:37:35] Attempting to insert product: {'name': 'Junior 2-12 mesos', 'price': 5.07, 'category': 'frozen', 'store_id': 'bonarea', 'quantity': '3 kg'}
[2025-05-22 17:37:35] Supabase Response: data=[{'name': 'Junior 2-12 mesos', 'price': 5.07, 'category': 'frozen', 'store_id': 'bonarea', 'quantity': '3 kg', 'id': '55ffbea3-efe4-4bd7-b74a-68732c08d3f4', 'created_at': '2025-05-22T14:37:36.395037'}] count=None
[2025-05-22 17:37:35] ✅ Successfully inserted: Junior 2-12 mesos
[2025-05-22 17:37:35] ✅ Junior 2-12 mesos — 5.07 (3 kg)
[2025-05-22 17:37:35] Attempting to insert product: {'name': 'Pit de pollastre groc sencer', 'price': 4.54, 'category': 'frozen', 'store_id': 'bonarea', 'quantity': 'aprox. 693 g'}
[2025-05-22 17:37:35] Supabase Response: data=[{'name': 'Pit de pollastre groc sencer', 'price': 4.54, 'category': 'frozen', 'store_id': 'bonarea', 'quantity': 'aprox. 693 g', 'id': '73271d12-21c0-4479-9b45-c015a1c8fb65', 'created_at': '2025-05-22T14:37:36.699307'}] count=None
[2025-05-22 17:37:35] ✅ Successfully inserted: Pit de pollastre groc sencer
[2025-05-22 17:37:35] ✅ Pit de pollastre groc sencer — 4.54 (aprox. 693 g)
[2025-05-22 17:37:35] Attempting to insert product: {'name': 'Pernilets de pollastre groc', 'price': 3.64, 'category': 'frozen', 'store_id': 'bonarea', 'quantity': 'aprox. 1,0 kg'}
[2025-05-22 17:37:35] Supabase Response: data=[{'name': 'Pernilets de pollastre groc', 'price': 3.64, 'category': 'frozen', 'store_id': 'bonarea', 'quantity': 'aprox. 1,0 kg', 'id': '2c6bffca-9ba9-4181-aab1-bbbaede1c7a1', 'created_at': '2025-05-22T14:37:37.021565'}] count=None
[2025-05-22 17:37:35] ✅ Successfully inserted: Pernilets de pollastre groc
[2025-05-22 17:37:35] ✅ Pernilets de pollastre groc — 3.64 (aprox. 1,0 kg)
[2025-05-22 17:37:35] Attempting to insert product: {'name': 'Pit de pollastre blanc sencer', 'price': 4.68, 'category': 'frozen', 'store_id': 'bonarea', 'quantity': 'aprox. 715 g'}
[2025-05-22 17:37:36] Supabase Response: data=[{'name': 'Pit de pollastre blanc sencer', 'price': 4.68, 'category': 'frozen', 'store_id': 'bonarea', 'quantity': 'aprox. 715 g', 'id': 'f73a0af8-521e-4532-aeda-5aed31e9ec6e', 'created_at': '2025-05-22T14:37:37.308191'}] count=None
[2025-05-22 17:37:36] ✅ Successfully inserted: Pit de pollastre blanc sencer
[2025-05-22 17:37:36] ✅ Pit de pollastre blanc sencer — 4.68 (aprox. 715 g)
[2025-05-22 17:37:36] Attempting to insert product: {'name': 'Pernilets de pollastre blanc', 'price': 3.8, 'category': 'frozen', 'store_id': 'bonarea', 'quantity': 'aprox. 1,1 kg'}
[2025-05-22 17:37:36] Supabase Response: data=[{'name': 'Pernilets de pollastre blanc', 'price': 3.8, 'category': 'frozen', 'store_id': 'bonarea', 'quantity': 'aprox. 1,1 kg', 'id': '9ed1b15d-87ca-46d6-b588-8ad809ec3a5a', 'created_at': '2025-05-22T14:37:37.626107'}] count=None
[2025-05-22 17:37:36] ✅ Successfully inserted: Pernilets de pollastre blanc
[2025-05-22 17:37:36] ✅ Pernilets de pollastre blanc — 3.8 (aprox. 1,1 kg)
[2025-05-22 17:37:36] Attempting to insert product: {'name': 'Pit de pollastre groc filetejat', 'price': 4.69, 'category': 'frozen', 'store_id': 'bonarea', 'quantity': 'aprox. 660 g'}
[2025-05-22 17:37:36] Supabase Response: data=[{'name': 'Pit de pollastre groc filetejat', 'price': 4.69, 'category': 'frozen', 'store_id': 'bonarea', 'quantity': 'aprox. 660 g', 'id': '9a9de2c4-7761-4d1a-a444-7b673c45eba3', 'created_at': '2025-05-22T14:37:38.042889'}] count=None
[2025-05-22 17:37:36] ✅ Successfully inserted: Pit de pollastre groc filetejat
[2025-05-22 17:37:36] ✅ Pit de pollastre groc filetejat — 4.69 (aprox. 660 g)
[2025-05-22 17:37:37] Attempting to insert product: {'name': 'Pit de pollastre sencer 65% cereals', 'price': 4.57, 'category': 'frozen', 'store_id': 'bonarea', 'quantity': 'aprox. 605 g'}
[2025-05-22 17:37:37] Supabase Response: data=[{'name': 'Pit de pollastre sencer 65% cereals', 'price': 4.57, 'category': 'frozen', 'store_id': 'bonarea', 'quantity': 'aprox. 605 g', 'id': 'be8428be-0621-4956-9771-1ac2b9b74095', 'created_at': '2025-05-22T14:37:38.337296'}] count=None
[2025-05-22 17:37:37] ✅ Successfully inserted: Pit de pollastre sencer 65% cereals
[2025-05-22 17:37:37] ✅ Pit de pollastre sencer 65% cereals — 4.57 (aprox. 605 g)
[2025-05-22 17:37:38] 🌐 Visiting: https://www.bonarea-online.com/online/neteja-llar
[2025-05-22 17:37:44] 🔄 Total products loaded: 24
[2025-05-22 17:37:45] 🔄 Total products loaded: 24
[2025-05-22 17:37:45] 🛑 No new products after scrolling. Stopping scroll.
[2025-05-22 17:37:45] 🔎 Found 24 product(s) in category 'cleaning'
[2025-05-22 17:37:45] Attempting to insert product: {'name': 'Gaspatxo', 'price': 2.85, 'category': 'cleaning', 'store_id': 'bonarea', 'quantity': '1 l'}
[2025-05-22 17:37:46] Supabase Response: data=[{'name': 'Gaspatxo', 'price': 2.85, 'category': 'cleaning', 'store_id': 'bonarea', 'quantity': '1 l', 'id': '6016c10c-f4d2-4b42-99ce-dcdf568706fc', 'created_at': '2025-05-22T14:37:47.291693'}] count=None
[2025-05-22 17:37:46] ✅ Successfully inserted: Gaspatxo
[2025-05-22 17:37:46] ✅ Gaspatxo — 2.85 (1 l)
[2025-05-22 17:37:46] Attempting to insert product: {'name': 'Salmorejo', 'price': 3.15, 'category': 'cleaning', 'store_id': 'bonarea', 'quantity': '1 l'}
[2025-05-22 17:37:46] Supabase Response: data=[{'name': 'Salmorejo', 'price': 3.15, 'category': 'cleaning', 'store_id': 'bonarea', 'quantity': '1 l', 'id': '19660789-729d-4886-bd6c-eb5422846163', 'created_at': '2025-05-22T14:37:47.674873'}] count=None
[2025-05-22 17:37:46] ✅ Successfully inserted: Salmorejo
[2025-05-22 17:37:46] ✅ Salmorejo — 3.15 (1 l)
[2025-05-22 17:37:46] Attempting to insert product: {'name': 'Gaspatxo bric', 'price': 1.95, 'category': 'cleaning', 'store_id': 'bonarea', 'quantity': '1 l'}
[2025-05-22 17:37:46] Supabase Response: data=[{'name': 'Gaspatxo bric', 'price': 1.95, 'category': 'cleaning', 'store_id': 'bonarea', 'quantity': '1 l', 'id': '1f88283b-05b3-46d6-998f-c359e64545ce', 'created_at': '2025-05-22T14:37:48.066112'}] count=None
[2025-05-22 17:37:46] ✅ Successfully inserted: Gaspatxo bric
[2025-05-22 17:37:46] ✅ Gaspatxo bric — 1.95 (1 l)
[2025-05-22 17:37:47] Attempting to insert product: {'name': 'Salmorejo bric', 'price': 2.3, 'category': 'cleaning', 'store_id': 'bonarea', 'quantity': '1 l'}
[2025-05-22 17:37:47] Supabase Response: data=[{'name': 'Salmorejo bric', 'price': 2.3, 'category': 'cleaning', 'store_id': 'bonarea', 'quantity': '1 l', 'id': '609c56cf-2f94-4005-9f53-4188dbffd11d', 'created_at': '2025-05-22T14:37:48.375178'}] count=None
[2025-05-22 17:37:47] ✅ Successfully inserted: Salmorejo bric
[2025-05-22 17:37:47] ✅ Salmorejo bric — 2.3 (1 l)
[2025-05-22 17:37:47] Attempting to insert product: {'name': 'Gaspatxo estil andalús', 'price': 1.1, 'category': 'cleaning', 'store_id': 'bonarea', 'quantity': '300 g'}
[2025-05-22 17:37:47] Supabase Response: data=[{'name': 'Gaspatxo estil andalús', 'price': 1.1, 'category': 'cleaning', 'store_id': 'bonarea', 'quantity': '300 g', 'id': '1acc511a-5367-48a5-849c-9ef72d88f380', 'created_at': '2025-05-22T14:37:48.645698'}] count=None
[2025-05-22 17:37:47] ✅ Successfully inserted: Gaspatxo estil andalús
[2025-05-22 17:37:47] ✅ Gaspatxo estil andalús — 1.1 (300 g)
[2025-05-22 17:37:47] Attempting to insert product: {'name': 'Gaspatxo de maduixa', 'price': 1.25, 'category': 'cleaning', 'store_id': 'bonarea', 'quantity': '300 g'}
[2025-05-22 17:37:47] Supabase Response: data=[{'name': 'Gaspatxo de maduixa', 'price': 1.25, 'category': 'cleaning', 'store_id': 'bonarea', 'quantity': '300 g', 'id': '33357e53-1977-4715-9ab4-2350d909be11', 'created_at': '2025-05-22T14:37:48.984658'}] count=None
[2025-05-22 17:37:47] ✅ Successfully inserted: Gaspatxo de maduixa
[2025-05-22 17:37:47] ✅ Gaspatxo de maduixa — 1.25 (300 g)
[2025-05-22 17:37:47] Attempting to insert product: {'name': 'Hummus', 'price': 0.94, 'category': 'cleaning', 'store_id': 'bonarea', 'quantity': '200 g'}
[2025-05-22 17:37:48] Supabase Response: data=[{'name': 'Hummus', 'price': 0.94, 'category': 'cleaning', 'store_id': 'bonarea', 'quantity': '200 g', 'id': 'e11c034f-0883-4e85-804e-3f782da8fbb5', 'created_at': '2025-05-22T14:37:49.254524'}] count=None
[2025-05-22 17:37:48] ✅ Successfully inserted: Hummus
[2025-05-22 17:37:48] ✅ Hummus — 0.94 (200 g)
[2025-05-22 17:37:48] Attempting to insert product: {'name': 'Cap de llom filetejat a la planxa', 'price': 2.4, 'category': 'cleaning', 'store_id': 'bonarea', 'quantity': 'aprox. 198 g'}
[2025-05-22 17:37:48] Supabase Response: data=[{'name': 'Cap de llom filetejat a la planxa', 'price': 2.4, 'category': 'cleaning', 'store_id': 'bonarea', 'quantity': 'aprox. 198 g', 'id': '7b68e76c-79de-45be-af64-b0ba290b1296', 'created_at': '2025-05-22T14:37:49.544514'}] count=None
[2025-05-22 17:37:48] ✅ Successfully inserted: Cap de llom filetejat a la planxa
[2025-05-22 17:37:48] ✅ Cap de llom filetejat a la planxa — 2.4 (aprox. 198 g)
[2025-05-22 17:37:48] Attempting to insert product: {'name': "Conill d'espatlla d'anoll", 'price': 17.27, 'category': 'cleaning', 'store_id': 'bonarea', 'quantity': 'aprox. 1,6 kg'}
[2025-05-22 17:37:48] Supabase Response: data=[{'name': "Conill d'espatlla d'anoll", 'price': 17.27, 'category': 'cleaning', 'store_id': 'bonarea', 'quantity': 'aprox. 1,6 kg', 'id': '8deb3057-9217-4503-8999-86fa0e456d14', 'created_at': '2025-05-22T14:37:49.908367'}] count=None
[2025-05-22 17:37:48] ✅ Successfully inserted: Conill d'espatlla d'anoll
[2025-05-22 17:37:48] ✅ Conill d'espatlla d'anoll — 17.27 (aprox. 1,6 kg)
[2025-05-22 17:37:48] Attempting to insert product: {'name': "Jarret d'anoll", 'price': 22.65, 'category': 'cleaning', 'store_id': 'bonarea', 'quantity': 'aprox. 2,0 kg'}
[2025-05-22 17:37:49] Supabase Response: data=[{'name': "Jarret d'anoll", 'price': 22.65, 'category': 'cleaning', 'store_id': 'bonarea', 'quantity': 'aprox. 2,0 kg', 'id': '94f39ca8-084c-4be5-91c0-68e60b9d5197', 'created_at': '2025-05-22T14:37:50.175769'}] count=None
[2025-05-22 17:37:49] ✅ Successfully inserted: Jarret d'anoll
[2025-05-22 17:37:49] ✅ Jarret d'anoll — 22.65 (aprox. 2,0 kg)
[2025-05-22 17:37:49] Attempting to insert product: {'name': 'Mixt de bull negre i donegal', 'price': 1.1, 'category': 'cleaning', 'store_id': 'bonarea', 'quantity': 'aprox. 143 g'}
[2025-05-22 17:37:49] Supabase Response: data=[{'name': 'Mixt de bull negre i donegal', 'price': 1.1, 'category': 'cleaning', 'store_id': 'bonarea', 'quantity': 'aprox. 143 g', 'id': 'b9939df2-c366-42d2-9b98-0739cebeb074', 'created_at': '2025-05-22T14:37:50.56167'}] count=None
[2025-05-22 17:37:49] ✅ Successfully inserted: Mixt de bull negre i donegal
[2025-05-22 17:37:49] ✅ Mixt de bull negre i donegal — 1.1 (aprox. 143 g)
[2025-05-22 17:37:49] Attempting to insert product: {'name': 'Càpsules Nescafé Dolce Gusto espresso intens', 'price': 4.25, 'category': 'cleaning', 'store_id': 'bonarea', 'quantity': '16 u.'}
[2025-05-22 17:37:49] Supabase Response: data=[{'name': 'Càpsules Nescafé Dolce Gusto espresso intens', 'price': 4.25, 'category': 'cleaning', 'store_id': 'bonarea', 'quantity': '16 u.', 'id': '351d9705-7de6-4a64-b63d-140fec694075', 'created_at': '2025-05-22T14:37:50.937765'}] count=None
[2025-05-22 17:37:49] ✅ Successfully inserted: Càpsules Nescafé Dolce Gusto espresso intens
[2025-05-22 17:37:49] ✅ Càpsules Nescafé Dolce Gusto espresso intens — 4.25 (16 u.)
[2025-05-22 17:37:49] Attempting to insert product: {'name': 'Salmó adults', 'price': 13.8, 'category': 'cleaning', 'store_id': 'bonarea', 'quantity': '10 kg'}
[2025-05-22 17:37:50] Supabase Response: data=[{'name': 'Salmó adults', 'price': 13.8, 'category': 'cleaning', 'store_id': 'bonarea', 'quantity': '10 kg', 'id': '02793f69-101e-42f9-be56-15d18039b60e', 'created_at': '2025-05-22T14:37:51.26128'}] count=None
[2025-05-22 17:37:50] ✅ Successfully inserted: Salmó adults
[2025-05-22 17:37:50] ✅ Salmó adults — 13.8 (10 kg)
[2025-05-22 17:37:50] Attempting to insert product: {'name': 'Salmó adults', 'price': 4.44, 'category': 'cleaning', 'store_id': 'bonarea', 'quantity': '3 kg'}
[2025-05-22 17:37:50] Supabase Response: data=[{'name': 'Salmó adults', 'price': 4.44, 'category': 'cleaning', 'store_id': 'bonarea', 'quantity': '3 kg', 'id': '52c9d62d-2af2-4de5-bb31-43822c56092f', 'created_at': '2025-05-22T14:37:51.568314'}] count=None
[2025-05-22 17:37:50] ✅ Successfully inserted: Salmó adults
[2025-05-22 17:37:50] ✅ Salmó adults — 4.44 (3 kg)
[2025-05-22 17:37:50] Attempting to insert product: {'name': 'Original adults', 'price': 13.6, 'category': 'cleaning', 'store_id': 'bonarea', 'quantity': '10 kg'}
[2025-05-22 17:37:50] Supabase Response: data=[{'name': 'Original adults', 'price': 13.6, 'category': 'cleaning', 'store_id': 'bonarea', 'quantity': '10 kg', 'id': '57291ab1-32dc-45e2-91ca-12e29ac53448', 'created_at': '2025-05-22T14:37:51.894997'}] count=None
[2025-05-22 17:37:50] ✅ Successfully inserted: Original adults
[2025-05-22 17:37:50] ✅ Original adults — 13.6 (10 kg)
[2025-05-22 17:37:50] Attempting to insert product: {'name': 'Original adults', 'price': 4.38, 'category': 'cleaning', 'store_id': 'bonarea', 'quantity': '3 kg'}
[2025-05-22 17:37:51] Supabase Response: data=[{'name': 'Original adults', 'price': 4.38, 'category': 'cleaning', 'store_id': 'bonarea', 'quantity': '3 kg', 'id': '6f44b063-1698-4e04-a6b3-a5f6d172e48c', 'created_at': '2025-05-22T14:37:52.184005'}] count=None
[2025-05-22 17:37:51] ✅ Successfully inserted: Original adults
[2025-05-22 17:37:51] ✅ Original adults — 4.38 (3 kg)
[2025-05-22 17:37:51] Attempting to insert product: {'name': 'Junior 2-12 mesos', 'price': 15.9, 'category': 'cleaning', 'store_id': 'bonarea', 'quantity': '10 kg'}
[2025-05-22 17:37:51] Supabase Response: data=[{'name': 'Junior 2-12 mesos', 'price': 15.9, 'category': 'cleaning', 'store_id': 'bonarea', 'quantity': '10 kg', 'id': '3e620021-82fe-4ccd-950c-5a04e2fcb8ba', 'created_at': '2025-05-22T14:37:52.468146'}] count=None
[2025-05-22 17:37:51] ✅ Successfully inserted: Junior 2-12 mesos
[2025-05-22 17:37:51] ✅ Junior 2-12 mesos — 15.9 (10 kg)
[2025-05-22 17:37:51] Attempting to insert product: {'name': 'Junior 2-12 mesos', 'price': 5.07, 'category': 'cleaning', 'store_id': 'bonarea', 'quantity': '3 kg'}
[2025-05-22 17:37:51] Supabase Response: data=[{'name': 'Junior 2-12 mesos', 'price': 5.07, 'category': 'cleaning', 'store_id': 'bonarea', 'quantity': '3 kg', 'id': 'd18817e9-02e7-4398-a1fb-8edb30efe0d2', 'created_at': '2025-05-22T14:37:52.772439'}] count=None
[2025-05-22 17:37:51] ✅ Successfully inserted: Junior 2-12 mesos
[2025-05-22 17:37:51] ✅ Junior 2-12 mesos — 5.07 (3 kg)
[2025-05-22 17:37:51] Attempting to insert product: {'name': 'Pit de pollastre groc sencer', 'price': 4.54, 'category': 'cleaning', 'store_id': 'bonarea', 'quantity': 'aprox. 693 g'}
[2025-05-22 17:37:51] Supabase Response: data=[{'name': 'Pit de pollastre groc sencer', 'price': 4.54, 'category': 'cleaning', 'store_id': 'bonarea', 'quantity': 'aprox. 693 g', 'id': 'e915e2ff-825e-4c43-89f0-a1eacd952fbb', 'created_at': '2025-05-22T14:37:53.08111'}] count=None
[2025-05-22 17:37:51] ✅ Successfully inserted: Pit de pollastre groc sencer
[2025-05-22 17:37:51] ✅ Pit de pollastre groc sencer — 4.54 (aprox. 693 g)
[2025-05-22 17:37:52] Attempting to insert product: {'name': 'Pernilets de pollastre groc', 'price': 3.64, 'category': 'cleaning', 'store_id': 'bonarea', 'quantity': 'aprox. 1,0 kg'}
[2025-05-22 17:37:52] Supabase Response: data=[{'name': 'Pernilets de pollastre groc', 'price': 3.64, 'category': 'cleaning', 'store_id': 'bonarea', 'quantity': 'aprox. 1,0 kg', 'id': '0fe4cb3e-7edf-40f2-a0da-a0769df7caef', 'created_at': '2025-05-22T14:37:53.37005'}] count=None
[2025-05-22 17:37:52] ✅ Successfully inserted: Pernilets de pollastre groc
[2025-05-22 17:37:52] ✅ Pernilets de pollastre groc — 3.64 (aprox. 1,0 kg)
[2025-05-22 17:37:52] Attempting to insert product: {'name': 'Pit de pollastre blanc sencer', 'price': 4.68, 'category': 'cleaning', 'store_id': 'bonarea', 'quantity': 'aprox. 715 g'}
[2025-05-22 17:37:52] Supabase Response: data=[{'name': 'Pit de pollastre blanc sencer', 'price': 4.68, 'category': 'cleaning', 'store_id': 'bonarea', 'quantity': 'aprox. 715 g', 'id': 'd6b7ca55-b508-468c-8845-0b712d120990', 'created_at': '2025-05-22T14:37:53.714013'}] count=None
[2025-05-22 17:37:52] ✅ Successfully inserted: Pit de pollastre blanc sencer
[2025-05-22 17:37:52] ✅ Pit de pollastre blanc sencer — 4.68 (aprox. 715 g)
[2025-05-22 17:37:52] Attempting to insert product: {'name': 'Pernilets de pollastre blanc', 'price': 3.8, 'category': 'cleaning', 'store_id': 'bonarea', 'quantity': 'aprox. 1,1 kg'}
[2025-05-22 17:37:52] Supabase Response: data=[{'name': 'Pernilets de pollastre blanc', 'price': 3.8, 'category': 'cleaning', 'store_id': 'bonarea', 'quantity': 'aprox. 1,1 kg', 'id': '88b12e1b-3a64-4bda-af83-061fa5189020', 'created_at': '2025-05-22T14:37:54.006796'}] count=None
[2025-05-22 17:37:52] ✅ Successfully inserted: Pernilets de pollastre blanc
[2025-05-22 17:37:52] ✅ Pernilets de pollastre blanc — 3.8 (aprox. 1,1 kg)
[2025-05-22 17:37:52] Attempting to insert product: {'name': 'Pit de pollastre groc filetejat', 'price': 4.69, 'category': 'cleaning', 'store_id': 'bonarea', 'quantity': 'aprox. 660 g'}
[2025-05-22 17:37:53] Supabase Response: data=[{'name': 'Pit de pollastre groc filetejat', 'price': 4.69, 'category': 'cleaning', 'store_id': 'bonarea', 'quantity': 'aprox. 660 g', 'id': '65f8f8c9-0250-4114-bc90-e4161bfcc58b', 'created_at': '2025-05-22T14:37:54.313105'}] count=None
[2025-05-22 17:37:53] ✅ Successfully inserted: Pit de pollastre groc filetejat
[2025-05-22 17:37:53] ✅ Pit de pollastre groc filetejat — 4.69 (aprox. 660 g)
[2025-05-22 17:37:53] Attempting to insert product: {'name': 'Pit de pollastre sencer 65% cereals', 'price': 4.57, 'category': 'cleaning', 'store_id': 'bonarea', 'quantity': 'aprox. 605 g'}
[2025-05-22 17:37:53] Supabase Response: data=[{'name': 'Pit de pollastre sencer 65% cereals', 'price': 4.57, 'category': 'cleaning', 'store_id': 'bonarea', 'quantity': 'aprox. 605 g', 'id': 'fe3d2121-2ee3-4b77-bc36-e01483fe91c8', 'created_at': '2025-05-22T14:37:54.625954'}] count=None
[2025-05-22 17:37:53] ✅ Successfully inserted: Pit de pollastre sencer 65% cereals
[2025-05-22 17:37:53] ✅ Pit de pollastre sencer 65% cereals — 4.57 (aprox. 605 g)
[2025-05-22 17:37:54] 🌐 Visiting: https://www.bonarea-online.com/online/alimentacio-infantil
[2025-05-22 17:38:00] 🔄 Total products loaded: 24
[2025-05-22 17:38:01] 🔄 Total products loaded: 24
[2025-05-22 17:38:01] 🛑 No new products after scrolling. Stopping scroll.
[2025-05-22 17:38:01] 🔎 Found 24 product(s) in category 'baby'
[2025-05-22 17:38:01] Attempting to insert product: {'name': 'Gaspatxo', 'price': 2.85, 'category': 'baby', 'store_id': 'bonarea', 'quantity': '1 l'}
[2025-05-22 17:38:02] Supabase Response: data=[{'name': 'Gaspatxo', 'price': 2.85, 'category': 'baby', 'store_id': 'bonarea', 'quantity': '1 l', 'id': '4eb51bc0-6355-4fd3-8998-31091a489ab1', 'created_at': '2025-05-22T14:38:03.496176'}] count=None
[2025-05-22 17:38:02] ✅ Successfully inserted: Gaspatxo
[2025-05-22 17:38:02] ✅ Gaspatxo — 2.85 (1 l)
[2025-05-22 17:38:02] Attempting to insert product: {'name': 'Salmorejo', 'price': 3.15, 'category': 'baby', 'store_id': 'bonarea', 'quantity': '1 l'}
[2025-05-22 17:38:02] Supabase Response: data=[{'name': 'Salmorejo', 'price': 3.15, 'category': 'baby', 'store_id': 'bonarea', 'quantity': '1 l', 'id': '15684859-a482-49b5-90bc-1916fc2db7a2', 'created_at': '2025-05-22T14:38:03.878834'}] count=None
[2025-05-22 17:38:02] ✅ Successfully inserted: Salmorejo
[2025-05-22 17:38:02] ✅ Salmorejo — 3.15 (1 l)
[2025-05-22 17:38:02] Attempting to insert product: {'name': 'Gaspatxo bric', 'price': 1.95, 'category': 'baby', 'store_id': 'bonarea', 'quantity': '1 l'}
[2025-05-22 17:38:03] Supabase Response: data=[{'name': 'Gaspatxo bric', 'price': 1.95, 'category': 'baby', 'store_id': 'bonarea', 'quantity': '1 l', 'id': 'ce6accb5-14f4-4607-8941-447a9db39ae4', 'created_at': '2025-05-22T14:38:04.197277'}] count=None
[2025-05-22 17:38:03] ✅ Successfully inserted: Gaspatxo bric
[2025-05-22 17:38:03] ✅ Gaspatxo bric — 1.95 (1 l)
[2025-05-22 17:38:03] Attempting to insert product: {'name': 'Salmorejo bric', 'price': 2.3, 'category': 'baby', 'store_id': 'bonarea', 'quantity': '1 l'}
[2025-05-22 17:38:03] Supabase Response: data=[{'name': 'Salmorejo bric', 'price': 2.3, 'category': 'baby', 'store_id': 'bonarea', 'quantity': '1 l', 'id': '312a3a83-27af-48a4-aa4f-68dbd858e2f3', 'created_at': '2025-05-22T14:38:04.485265'}] count=None
[2025-05-22 17:38:03] ✅ Successfully inserted: Salmorejo bric
[2025-05-22 17:38:03] ✅ Salmorejo bric — 2.3 (1 l)
[2025-05-22 17:38:03] Attempting to insert product: {'name': 'Gaspatxo estil andalús', 'price': 1.1, 'category': 'baby', 'store_id': 'bonarea', 'quantity': '300 g'}
[2025-05-22 17:38:03] Supabase Response: data=[{'name': 'Gaspatxo estil andalús', 'price': 1.1, 'category': 'baby', 'store_id': 'bonarea', 'quantity': '300 g', 'id': 'ee93a1a8-d158-4292-8666-6bbd6e37b5af', 'created_at': '2025-05-22T14:38:04.870617'}] count=None
[2025-05-22 17:38:03] ✅ Successfully inserted: Gaspatxo estil andalús
[2025-05-22 17:38:03] ✅ Gaspatxo estil andalús — 1.1 (300 g)
[2025-05-22 17:38:03] Attempting to insert product: {'name': 'Gaspatxo de maduixa', 'price': 1.25, 'category': 'baby', 'store_id': 'bonarea', 'quantity': '300 g'}
[2025-05-22 17:38:04] Supabase Response: data=[{'name': 'Gaspatxo de maduixa', 'price': 1.25, 'category': 'baby', 'store_id': 'bonarea', 'quantity': '300 g', 'id': '3e0c61de-cd7d-4c9a-93c4-6f81fb7ab6ae', 'created_at': '2025-05-22T14:38:05.207912'}] count=None
[2025-05-22 17:38:04] ✅ Successfully inserted: Gaspatxo de maduixa
[2025-05-22 17:38:04] ✅ Gaspatxo de maduixa — 1.25 (300 g)
[2025-05-22 17:38:04] Attempting to insert product: {'name': 'Hummus', 'price': 0.94, 'category': 'baby', 'store_id': 'bonarea', 'quantity': '200 g'}
[2025-05-22 17:38:04] Supabase Response: data=[{'name': 'Hummus', 'price': 0.94, 'category': 'baby', 'store_id': 'bonarea', 'quantity': '200 g', 'id': 'e59c938b-a9a4-41cd-8466-3f424dc8fde9', 'created_at': '2025-05-22T14:38:05.489949'}] count=None
[2025-05-22 17:38:04] ✅ Successfully inserted: Hummus
[2025-05-22 17:38:04] ✅ Hummus — 0.94 (200 g)
[2025-05-22 17:38:04] Attempting to insert product: {'name': 'Cap de llom filetejat a la planxa', 'price': 2.4, 'category': 'baby', 'store_id': 'bonarea', 'quantity': 'aprox. 198 g'}
[2025-05-22 17:38:04] Supabase Response: data=[{'name': 'Cap de llom filetejat a la planxa', 'price': 2.4, 'category': 'baby', 'store_id': 'bonarea', 'quantity': 'aprox. 198 g', 'id': 'af6a8d3e-49e7-453d-9d95-6315e090c623', 'created_at': '2025-05-22T14:38:05.894492'}] count=None
[2025-05-22 17:38:04] ✅ Successfully inserted: Cap de llom filetejat a la planxa
[2025-05-22 17:38:04] ✅ Cap de llom filetejat a la planxa — 2.4 (aprox. 198 g)
[2025-05-22 17:38:04] Attempting to insert product: {'name': "Conill d'espatlla d'anoll", 'price': 17.27, 'category': 'baby', 'store_id': 'bonarea', 'quantity': 'aprox. 1,6 kg'}
[2025-05-22 17:38:05] Supabase Response: data=[{'name': "Conill d'espatlla d'anoll", 'price': 17.27, 'category': 'baby', 'store_id': 'bonarea', 'quantity': 'aprox. 1,6 kg', 'id': '5cfd0375-09c8-4633-b64f-64489b8cdfe3', 'created_at': '2025-05-22T14:38:06.20814'}] count=None
[2025-05-22 17:38:05] ✅ Successfully inserted: Conill d'espatlla d'anoll
[2025-05-22 17:38:05] ✅ Conill d'espatlla d'anoll — 17.27 (aprox. 1,6 kg)
[2025-05-22 17:38:05] Attempting to insert product: {'name': "Jarret d'anoll", 'price': 22.65, 'category': 'baby', 'store_id': 'bonarea', 'quantity': 'aprox. 2,0 kg'}
[2025-05-22 17:38:05] Supabase Response: data=[{'name': "Jarret d'anoll", 'price': 22.65, 'category': 'baby', 'store_id': 'bonarea', 'quantity': 'aprox. 2,0 kg', 'id': '36e57cc3-3578-4f59-bc5f-686d64035d9b', 'created_at': '2025-05-22T14:38:06.524905'}] count=None
[2025-05-22 17:38:05] ✅ Successfully inserted: Jarret d'anoll
[2025-05-22 17:38:05] ✅ Jarret d'anoll — 22.65 (aprox. 2,0 kg)
[2025-05-22 17:38:05] Attempting to insert product: {'name': 'Mixt de bull negre i donegal', 'price': 1.1, 'category': 'baby', 'store_id': 'bonarea', 'quantity': 'aprox. 143 g'}
[2025-05-22 18:34:52] 🌐 Visiting: https://www.bonarea-online.com/online/begudes
[2025-05-22 18:35:01] 🔄 Total products loaded: 24
[2025-05-22 18:35:03] 🔄 Total products loaded: 24
[2025-05-22 18:35:03] 🛑 No new products after scrolling. Stopping scroll.
[2025-05-22 18:35:03] 🔎 Found 24 product(s) in category 'drinks'
[2025-05-22 18:35:04] ⚠️ Skipping duplicate: Gaspatxo
[2025-05-22 18:35:04] ⚠️ Skipping duplicate: Salmorejo
[2025-05-22 18:35:05] ⚠️ Skipping duplicate: Gaspatxo bric
[2025-05-22 18:35:05] ⚠️ Skipping duplicate: Salmorejo bric
[2025-05-22 18:35:06] ⚠️ Skipping duplicate: Gaspatxo estil andalús
[2025-05-22 18:35:07] ⚠️ Skipping duplicate: Gaspatxo de maduixa
[2025-05-22 18:35:07] ⚠️ Skipping duplicate: Hummus
[2025-05-22 18:35:07] ⚠️ Skipping duplicate: Cap de llom filetejat a la planxa
[2025-05-22 18:35:08] ⚠️ Skipping duplicate: Conill d'espatlla d'anoll
[2025-05-22 18:35:08] ⚠️ Skipping duplicate: Jarret d'anoll
[2025-05-22 18:35:09] ⚠️ Skipping duplicate: Mixt de bull negre i donegal
[2025-05-22 18:35:09] ⚠️ Skipping duplicate: Càpsules Nescafé Dolce Gusto espresso intens
[2025-05-22 18:35:10] ⚠️ Skipping duplicate: Salmó adults
[2025-05-22 18:35:10] ⚠️ Skipping duplicate: Salmó adults
[2025-05-22 18:35:10] ⚠️ Skipping duplicate: Original adults
[2025-05-22 18:35:11] ⚠️ Skipping duplicate: Original adults
[2025-05-22 18:35:11] ⚠️ Skipping duplicate: Junior 2-12 mesos
[2025-05-22 18:35:12] ⚠️ Skipping duplicate: Junior 2-12 mesos
[2025-05-22 18:35:12] ⚠️ Skipping duplicate: Pit de pollastre groc sencer
[2025-05-22 18:35:12] ⚠️ Skipping duplicate: Pernilets de pollastre groc
[2025-05-22 18:35:13] ⚠️ Skipping duplicate: Pit de pollastre blanc sencer
[2025-05-22 18:35:13] ⚠️ Skipping duplicate: Pernilets de pollastre blanc
[2025-05-22 18:35:13] ⚠️ Skipping duplicate: Pit de pollastre groc filetejat
[2025-05-22 18:35:14] ⚠️ Skipping duplicate: Pit de pollastre sencer 65% cereals
[2025-05-22 18:35:15] 🌐 Visiting: https://www.bonarea-online.com/online/dolcos
[2025-05-22 18:35:21] 🔄 Total products loaded: 24
[2025-05-22 18:35:22] 🔄 Total products loaded: 24
[2025-05-22 18:35:22] 🛑 No new products after scrolling. Stopping scroll.
[2025-05-22 18:35:22] 🔎 Found 24 product(s) in category 'sweets'
[2025-05-22 18:35:23] ⚠️ Skipping duplicate: Gaspatxo
[2025-05-22 18:35:24] ⚠️ Skipping duplicate: Salmorejo
[2025-05-22 18:35:24] ⚠️ Skipping duplicate: Gaspatxo bric
[2025-05-22 18:35:25] ⚠️ Skipping duplicate: Salmorejo bric
[2025-05-22 18:35:25] ⚠️ Skipping duplicate: Gaspatxo estil andalús
[2025-05-22 18:35:26] ⚠️ Skipping duplicate: Gaspatxo de maduixa
[2025-05-22 18:35:26] ⚠️ Skipping duplicate: Hummus
[2025-05-22 18:35:26] ⚠️ Skipping duplicate: Cap de llom filetejat a la planxa
[2025-05-22 18:35:27] ⚠️ Skipping duplicate: Conill d'espatlla d'anoll
[2025-05-22 18:35:27] ⚠️ Skipping duplicate: Jarret d'anoll
[2025-05-22 18:35:28] ⚠️ Skipping duplicate: Mixt de bull negre i donegal
[2025-05-22 18:35:29] ⚠️ Skipping duplicate: Càpsules Nescafé Dolce Gusto espresso intens
[2025-05-22 18:35:29] ⚠️ Skipping duplicate: Salmó adults
[2025-05-22 18:35:30] ⚠️ Skipping duplicate: Salmó adults
[2025-05-22 18:35:30] ⚠️ Skipping duplicate: Original adults
[2025-05-22 18:35:30] ⚠️ Skipping duplicate: Original adults
[2025-05-22 18:35:31] ⚠️ Skipping duplicate: Junior 2-12 mesos
[2025-05-22 18:35:31] ⚠️ Skipping duplicate: Junior 2-12 mesos
[2025-05-22 18:35:31] ⚠️ Skipping duplicate: Pit de pollastre groc sencer
[2025-05-22 18:35:32] ⚠️ Skipping duplicate: Pernilets de pollastre groc
[2025-05-22 18:35:32] ⚠️ Skipping duplicate: Pit de pollastre blanc sencer
[2025-05-22 18:35:32] ⚠️ Skipping duplicate: Pernilets de pollastre blanc
[2025-05-22 18:35:33] ⚠️ Skipping duplicate: Pit de pollastre groc filetejat
[2025-05-22 18:35:33] ⚠️ Skipping duplicate: Pit de pollastre sencer 65% cereals
[2025-05-22 18:35:34] 🌐 Visiting: https://www.bonarea-online.com/online/congelats
[2025-05-22 18:35:40] 🔄 Total products loaded: 24
[2025-05-22 18:35:42] 🔄 Total products loaded: 24
[2025-05-22 18:35:42] 🛑 No new products after scrolling. Stopping scroll.
[2025-05-22 18:35:42] 🔎 Found 24 product(s) in category 'frozen'
[2025-05-22 18:35:42] ⚠️ Skipping duplicate: Gaspatxo
[2025-05-22 18:35:43] ⚠️ Skipping duplicate: Salmorejo
[2025-05-22 18:35:43] ⚠️ Skipping duplicate: Gaspatxo bric
[2025-05-22 18:35:44] ⚠️ Skipping duplicate: Salmorejo bric
[2025-05-22 18:35:44] ⚠️ Skipping duplicate: Gaspatxo estil andalús
[2025-05-22 18:35:44] ⚠️ Skipping duplicate: Gaspatxo de maduixa
[2025-05-22 18:35:45] ⚠️ Skipping duplicate: Hummus
[2025-05-22 18:35:45] ⚠️ Skipping duplicate: Cap de llom filetejat a la planxa
[2025-05-22 18:35:45] ⚠️ Skipping duplicate: Conill d'espatlla d'anoll
[2025-05-22 18:35:46] ⚠️ Skipping duplicate: Jarret d'anoll
[2025-05-22 18:35:46] ⚠️ Skipping duplicate: Mixt de bull negre i donegal
[2025-05-22 18:35:46] ⚠️ Skipping duplicate: Càpsules Nescafé Dolce Gusto espresso intens
[2025-05-22 18:35:47] ⚠️ Skipping duplicate: Salmó adults
[2025-05-22 18:35:47] ⚠️ Skipping duplicate: Salmó adults
[2025-05-22 18:35:47] ⚠️ Skipping duplicate: Original adults
[2025-05-22 18:35:48] ⚠️ Skipping duplicate: Original adults
[2025-05-22 18:35:48] ⚠️ Skipping duplicate: Junior 2-12 mesos
[2025-05-22 18:35:49] ⚠️ Skipping duplicate: Junior 2-12 mesos
[2025-05-22 18:35:49] ⚠️ Skipping duplicate: Pit de pollastre groc sencer
[2025-05-22 18:35:49] ⚠️ Skipping duplicate: Pernilets de pollastre groc
[2025-05-22 18:35:50] ⚠️ Skipping duplicate: Pit de pollastre blanc sencer
[2025-05-22 18:35:50] ⚠️ Skipping duplicate: Pernilets de pollastre blanc
[2025-05-22 18:35:50] ⚠️ Skipping duplicate: Pit de pollastre groc filetejat
[2025-05-22 18:35:51] ⚠️ Skipping duplicate: Pit de pollastre sencer 65% cereals
[2025-05-22 18:35:52] 🌐 Visiting: https://www.bonarea-online.com/online/neteja-llar
[2025-05-22 18:35:58] 🔄 Total products loaded: 24
[2025-05-22 18:35:59] 🔄 Total products loaded: 24
[2025-05-22 18:35:59] 🛑 No new products after scrolling. Stopping scroll.
[2025-05-22 18:35:59] 🔎 Found 24 product(s) in category 'cleaning'
[2025-05-22 18:36:00] ⚠️ Skipping duplicate: Gaspatxo
[2025-05-22 18:36:00] ⚠️ Skipping duplicate: Salmorejo
[2025-05-22 18:36:01] ⚠️ Skipping duplicate: Gaspatxo bric
[2025-05-22 18:36:01] ⚠️ Skipping duplicate: Salmorejo bric
[2025-05-22 18:36:01] ⚠️ Skipping duplicate: Gaspatxo estil andalús
[2025-05-22 18:36:02] ⚠️ Skipping duplicate: Gaspatxo de maduixa
[2025-05-22 18:36:02] ⚠️ Skipping duplicate: Hummus
[2025-05-22 18:36:02] ⚠️ Skipping duplicate: Cap de llom filetejat a la planxa
[2025-05-22 18:36:03] ⚠️ Skipping duplicate: Conill d'espatlla d'anoll
[2025-05-22 18:36:03] ⚠️ Skipping duplicate: Jarret d'anoll
[2025-05-22 18:36:03] ⚠️ Skipping duplicate: Mixt de bull negre i donegal
[2025-05-22 18:36:04] ⚠️ Skipping duplicate: Càpsules Nescafé Dolce Gusto espresso intens
[2025-05-22 18:36:04] ⚠️ Skipping duplicate: Salmó adults
[2025-05-22 18:36:05] ⚠️ Skipping duplicate: Salmó adults
[2025-05-22 18:36:05] ⚠️ Skipping duplicate: Original adults
[2025-05-22 18:36:05] ⚠️ Skipping duplicate: Original adults
[2025-05-22 18:36:06] ⚠️ Skipping duplicate: Junior 2-12 mesos
[2025-05-22 18:36:06] ⚠️ Skipping duplicate: Junior 2-12 mesos
[2025-05-22 18:36:06] ⚠️ Skipping duplicate: Pit de pollastre groc sencer
[2025-05-22 18:36:07] ⚠️ Skipping duplicate: Pernilets de pollastre groc
[2025-05-22 18:36:07] ⚠️ Skipping duplicate: Pit de pollastre blanc sencer
[2025-05-22 18:36:08] ⚠️ Skipping duplicate: Pernilets de pollastre blanc
[2025-05-22 18:36:08] ⚠️ Skipping duplicate: Pit de pollastre groc filetejat
[2025-05-22 18:36:08] ⚠️ Skipping duplicate: Pit de pollastre sencer 65% cereals
[2025-05-22 18:36:10] 🌐 Visiting: https://www.bonarea-online.com/online/alimentacio-infantil
[2025-05-22 18:36:16] 🔄 Total products loaded: 24
[2025-05-22 18:36:17] 🔄 Total products loaded: 24
[2025-05-22 18:36:17] 🛑 No new products after scrolling. Stopping scroll.
[2025-05-22 18:36:17] 🔎 Found 24 product(s) in category 'baby'
[2025-05-22 18:36:18] ⚠️ Skipping duplicate: Gaspatxo
[2025-05-22 18:36:18] ⚠️ Skipping duplicate: Salmorejo
[2025-05-22 18:36:19] ⚠️ Skipping duplicate: Gaspatxo bric
[2025-05-22 18:36:19] ⚠️ Skipping duplicate: Salmorejo bric
[2025-05-22 18:36:20] ⚠️ Skipping duplicate: Gaspatxo estil andalús
[2025-05-22 18:36:20] ⚠️ Skipping duplicate: Gaspatxo de maduixa
[2025-05-22 18:36:20] ⚠️ Skipping duplicate: Hummus
[2025-05-22 18:36:21] ⚠️ Skipping duplicate: Cap de llom filetejat a la planxa
[2025-05-22 18:36:21] ⚠️ Skipping duplicate: Conill d'espatlla d'anoll
[2025-05-22 18:36:21] ⚠️ Skipping duplicate: Jarret d'anoll
[2025-05-22 18:36:22] ⚠️ Skipping duplicate: Mixt de bull negre i donegal
[2025-05-22 18:36:22] ⚠️ Skipping duplicate: Càpsules Nescafé Dolce Gusto espresso intens
[2025-05-22 18:36:23] ⚠️ Skipping duplicate: Salmó adults
[2025-05-22 18:36:23] ⚠️ Skipping duplicate: Salmó adults
[2025-05-22 18:36:23] ⚠️ Skipping duplicate: Original adults
[2025-05-22 18:36:24] ⚠️ Skipping duplicate: Original adults
[2025-05-22 18:36:24] ⚠️ Skipping duplicate: Junior 2-12 mesos
[2025-05-22 18:36:24] ⚠️ Skipping duplicate: Junior 2-12 mesos
[2025-05-22 18:36:25] ⚠️ Skipping duplicate: Pit de pollastre groc sencer
[2025-05-22 18:36:25] ⚠️ Skipping duplicate: Pernilets de pollastre groc
[2025-05-22 18:36:25] ⚠️ Skipping duplicate: Pit de pollastre blanc sencer
[2025-05-22 18:36:26] ⚠️ Skipping duplicate: Pernilets de pollastre blanc
[2025-05-22 18:36:26] ⚠️ Skipping duplicate: Pit de pollastre groc filetejat
[2025-05-22 18:36:27] ⚠️ Skipping duplicate: Pit de pollastre sencer 65% cereals
[2025-05-22 18:36:28] 🌐 Visiting: https://www.bonarea-online.com/online/carns
[2025-05-22 18:36:35] 🔄 Total products loaded: 24
[2025-05-22 18:36:36] 🔄 Total products loaded: 24
[2025-05-22 18:36:36] 🛑 No new products after scrolling. Stopping scroll.
[2025-05-22 18:36:36] 🔎 Found 24 product(s) in category 'meat'
[2025-05-22 18:36:37] ⚠️ Skipping duplicate: Gaspatxo
[2025-05-22 18:36:37] ⚠️ Skipping duplicate: Salmorejo
[2025-05-22 18:36:38] ⚠️ Skipping duplicate: Gaspatxo bric
[2025-05-22 18:36:38] ⚠️ Skipping duplicate: Salmorejo bric
[2025-05-22 18:36:38] ⚠️ Skipping duplicate: Gaspatxo estil andalús
[2025-05-22 18:36:39] ⚠️ Skipping duplicate: Gaspatxo de maduixa
[2025-05-22 18:36:39] ⚠️ Skipping duplicate: Hummus
[2025-05-22 18:36:40] ⚠️ Skipping duplicate: Cap de llom filetejat a la planxa
[2025-05-22 18:36:40] ⚠️ Skipping duplicate: Conill d'espatlla d'anoll
[2025-05-22 18:36:40] ⚠️ Skipping duplicate: Jarret d'anoll
[2025-05-22 18:36:41] ⚠️ Skipping duplicate: Mixt de bull negre i donegal
[2025-05-22 18:36:41] ⚠️ Skipping duplicate: Càpsules Nescafé Dolce Gusto espresso intens
[2025-05-22 18:36:42] ⚠️ Skipping duplicate: Salmó adults
[2025-05-22 18:36:42] ⚠️ Skipping duplicate: Salmó adults
[2025-05-22 18:36:42] ⚠️ Skipping duplicate: Original adults
[2025-05-22 18:36:43] ⚠️ Skipping duplicate: Original adults
[2025-05-22 18:36:43] ⚠️ Skipping duplicate: Junior 2-12 mesos
[2025-05-22 18:36:43] ⚠️ Skipping duplicate: Junior 2-12 mesos
[2025-05-22 18:36:44] ⚠️ Skipping duplicate: Pit de pollastre groc sencer
[2025-05-22 18:36:44] ⚠️ Skipping duplicate: Pernilets de pollastre groc
[2025-05-22 18:36:44] ⚠️ Skipping duplicate: Pit de pollastre blanc sencer
[2025-05-22 18:36:45] ⚠️ Skipping duplicate: Pernilets de pollastre blanc
[2025-05-22 18:36:45] ⚠️ Skipping duplicate: Pit de pollastre groc filetejat
[2025-05-22 18:36:46] ⚠️ Skipping duplicate: Pit de pollastre sencer 65% cereals
[2025-05-22 18:36:47] 🌐 Visiting: https://www.bonarea-online.com/online/ous
[2025-05-22 18:36:53] 🔄 Total products loaded: 24
[2025-05-22 18:36:54] 🔄 Total products loaded: 24
[2025-05-22 18:36:54] 🛑 No new products after scrolling. Stopping scroll.
[2025-05-22 18:36:54] 🔎 Found 24 product(s) in category 'eggs'
[2025-05-22 18:36:55] ⚠️ Skipping duplicate: Gaspatxo
[2025-05-22 18:36:56] ⚠️ Skipping duplicate: Salmorejo
[2025-05-22 18:36:56] ⚠️ Skipping duplicate: Gaspatxo bric
[2025-05-22 18:36:56] ⚠️ Skipping duplicate: Salmorejo bric
[2025-05-22 18:36:57] ⚠️ Skipping duplicate: Gaspatxo estil andalús
[2025-05-22 18:36:57] ⚠️ Skipping duplicate: Gaspatxo de maduixa
[2025-05-22 18:36:57] ⚠️ Skipping duplicate: Hummus
[2025-05-22 18:36:58] ⚠️ Skipping duplicate: Cap de llom filetejat a la planxa
[2025-05-22 18:36:58] ⚠️ Skipping duplicate: Conill d'espatlla d'anoll
[2025-05-22 18:36:58] ⚠️ Skipping duplicate: Jarret d'anoll
[2025-05-22 18:36:59] ⚠️ Skipping duplicate: Mixt de bull negre i donegal
[2025-05-22 18:36:59] ⚠️ Skipping duplicate: Càpsules Nescafé Dolce Gusto espresso intens
[2025-05-22 18:36:59] ⚠️ Skipping duplicate: Salmó adults
[2025-05-22 18:37:00] ⚠️ Skipping duplicate: Salmó adults
[2025-05-22 18:37:00] ⚠️ Skipping duplicate: Original adults
[2025-05-22 18:37:00] ⚠️ Skipping duplicate: Original adults
[2025-05-22 18:37:01] ⚠️ Skipping duplicate: Junior 2-12 mesos
[2025-05-22 18:37:01] ⚠️ Skipping duplicate: Junior 2-12 mesos
[2025-05-22 18:37:02] ⚠️ Skipping duplicate: Pit de pollastre groc sencer
[2025-05-22 18:37:02] ⚠️ Skipping duplicate: Pernilets de pollastre groc
[2025-05-22 18:37:02] ⚠️ Skipping duplicate: Pit de pollastre blanc sencer
[2025-05-22 18:37:03] ⚠️ Skipping duplicate: Pernilets de pollastre blanc
[2025-05-22 18:37:03] ⚠️ Skipping duplicate: Pit de pollastre groc filetejat
[2025-05-22 18:37:03] ⚠️ Skipping duplicate: Pit de pollastre sencer 65% cereals
[2025-05-22 18:37:04] 🌐 Visiting: https://www.bonarea-online.com/online/embotits
[2025-05-22 18:37:11] 🔄 Total products loaded: 24
[2025-05-22 18:37:12] 🔄 Total products loaded: 24
[2025-05-22 18:37:12] 🛑 No new products after scrolling. Stopping scroll.
[2025-05-22 18:37:12] 🔎 Found 24 product(s) in category 'sausages'
[2025-05-22 18:37:13] ⚠️ Skipping duplicate: Gaspatxo
[2025-05-22 18:37:13] ⚠️ Skipping duplicate: Salmorejo
[2025-05-22 18:37:14] ⚠️ Skipping duplicate: Gaspatxo bric
[2025-05-22 18:37:14] ⚠️ Skipping duplicate: Salmorejo bric
[2025-05-22 18:37:14] ⚠️ Skipping duplicate: Gaspatxo estil andalús
[2025-05-22 18:37:15] ⚠️ Skipping duplicate: Gaspatxo de maduixa
[2025-05-22 18:37:15] ⚠️ Skipping duplicate: Hummus
[2025-05-22 18:37:15] ⚠️ Skipping duplicate: Cap de llom filetejat a la planxa
[2025-05-22 18:37:16] ⚠️ Skipping duplicate: Conill d'espatlla d'anoll
[2025-05-22 18:37:16] ⚠️ Skipping duplicate: Jarret d'anoll
[2025-05-22 18:37:17] ⚠️ Skipping duplicate: Mixt de bull negre i donegal
[2025-05-22 18:37:17] ⚠️ Skipping duplicate: Càpsules Nescafé Dolce Gusto espresso intens
[2025-05-22 18:37:17] ⚠️ Skipping duplicate: Salmó adults
[2025-05-22 18:37:18] ⚠️ Skipping duplicate: Salmó adults
[2025-05-22 18:37:18] ⚠️ Skipping duplicate: Original adults
[2025-05-22 18:37:19] ⚠️ Skipping duplicate: Original adults
[2025-05-22 18:37:19] ⚠️ Skipping duplicate: Junior 2-12 mesos
[2025-05-22 18:37:19] ⚠️ Skipping duplicate: Junior 2-12 mesos
[2025-05-22 18:37:20] ⚠️ Skipping duplicate: Pit de pollastre groc sencer
[2025-05-22 18:37:20] ⚠️ Skipping duplicate: Pernilets de pollastre groc
[2025-05-22 18:37:20] ⚠️ Skipping duplicate: Pit de pollastre blanc sencer
[2025-05-22 18:37:21] ⚠️ Skipping duplicate: Pernilets de pollastre blanc
[2025-05-22 18:37:21] ⚠️ Skipping duplicate: Pit de pollastre groc filetejat
[2025-05-22 18:37:22] ⚠️ Skipping duplicate: Pit de pollastre sencer 65% cereals
[2025-05-22 18:37:23] 🌐 Visiting: https://www.bonarea-online.com/online/peix-i-marisc
[2025-05-22 18:37:29] 🔄 Total products loaded: 24
[2025-05-22 18:37:30] 🔄 Total products loaded: 24
[2025-05-22 18:37:30] 🛑 No new products after scrolling. Stopping scroll.
[2025-05-22 18:37:31] 🔎 Found 24 product(s) in category 'fish'
[2025-05-22 18:37:31] ⚠️ Skipping duplicate: Gaspatxo
[2025-05-22 18:37:32] ⚠️ Skipping duplicate: Salmorejo
[2025-05-22 18:37:32] ⚠️ Skipping duplicate: Gaspatxo bric
[2025-05-22 18:37:32] ⚠️ Skipping duplicate: Salmorejo bric
[2025-05-22 18:37:33] ⚠️ Skipping duplicate: Gaspatxo estil andalús
[2025-05-22 18:37:33] ⚠️ Skipping duplicate: Gaspatxo de maduixa
[2025-05-22 18:37:33] ⚠️ Skipping duplicate: Hummus
[2025-05-22 18:37:34] ⚠️ Skipping duplicate: Cap de llom filetejat a la planxa
[2025-05-22 18:37:34] ⚠️ Skipping duplicate: Conill d'espatlla d'anoll
[2025-05-22 18:37:34] ⚠️ Skipping duplicate: Jarret d'anoll
[2025-05-22 18:37:35] ⚠️ Skipping duplicate: Mixt de bull negre i donegal
[2025-05-22 18:37:35] ⚠️ Skipping duplicate: Càpsules Nescafé Dolce Gusto espresso intens
[2025-05-22 18:37:35] ⚠️ Skipping duplicate: Salmó adults
[2025-05-22 18:37:36] ⚠️ Skipping duplicate: Salmó adults
[2025-05-22 18:37:36] ⚠️ Skipping duplicate: Original adults
[2025-05-22 18:37:37] ⚠️ Skipping duplicate: Original adults
[2025-05-22 18:37:37] ⚠️ Skipping duplicate: Junior 2-12 mesos
[2025-05-22 18:37:37] ⚠️ Skipping duplicate: Junior 2-12 mesos
[2025-05-22 18:37:38] ⚠️ Skipping duplicate: Pit de pollastre groc sencer
[2025-05-22 18:37:38] ⚠️ Skipping duplicate: Pernilets de pollastre groc
[2025-05-22 18:37:39] ⚠️ Skipping duplicate: Pit de pollastre blanc sencer
[2025-05-22 18:37:39] ⚠️ Skipping duplicate: Pernilets de pollastre blanc
[2025-05-22 18:37:39] ⚠️ Skipping duplicate: Pit de pollastre groc filetejat
[2025-05-22 18:37:40] ⚠️ Skipping duplicate: Pit de pollastre sencer 65% cereals
[2025-05-22 18:37:41] 🌐 Visiting: https://www.bonarea-online.com/online/fruites
[2025-05-22 18:37:47] 🔄 Total products loaded: 24
[2025-05-22 18:37:48] 🔄 Total products loaded: 24
[2025-05-22 18:37:48] 🛑 No new products after scrolling. Stopping scroll.
[2025-05-22 18:37:48] 🔎 Found 24 product(s) in category 'fruits'
[2025-05-22 18:37:49] ⚠️ Skipping duplicate: Gaspatxo
[2025-05-22 18:37:49] ⚠️ Skipping duplicate: Salmorejo
[2025-05-22 18:37:49] ⚠️ Skipping duplicate: Gaspatxo bric
[2025-05-22 18:37:50] ⚠️ Skipping duplicate: Salmorejo bric
[2025-05-22 18:37:50] ⚠️ Skipping duplicate: Gaspatxo estil andalús
[2025-05-22 18:37:51] ⚠️ Skipping duplicate: Gaspatxo de maduixa
[2025-05-22 18:37:51] ⚠️ Skipping duplicate: Hummus
[2025-05-22 18:37:52] ⚠️ Skipping duplicate: Cap de llom filetejat a la planxa
[2025-05-22 18:37:52] ⚠️ Skipping duplicate: Conill d'espatlla d'anoll
[2025-05-22 18:37:53] ⚠️ Skipping duplicate: Jarret d'anoll
[2025-05-22 18:37:53] ⚠️ Skipping duplicate: Mixt de bull negre i donegal
[2025-05-22 18:37:53] ⚠️ Skipping duplicate: Càpsules Nescafé Dolce Gusto espresso intens
[2025-05-22 18:37:54] ⚠️ Skipping duplicate: Salmó adults
[2025-05-22 18:37:54] ⚠️ Skipping duplicate: Salmó adults
[2025-05-22 18:37:54] ⚠️ Skipping duplicate: Original adults
[2025-05-22 18:37:55] ⚠️ Skipping duplicate: Original adults
[2025-05-22 18:37:55] ⚠️ Skipping duplicate: Junior 2-12 mesos
[2025-05-22 18:37:56] ⚠️ Skipping duplicate: Junior 2-12 mesos
[2025-05-22 18:37:56] ⚠️ Skipping duplicate: Pit de pollastre groc sencer
[2025-05-22 18:37:56] ⚠️ Skipping duplicate: Pernilets de pollastre groc
[2025-05-22 18:37:57] ⚠️ Skipping duplicate: Pit de pollastre blanc sencer
[2025-05-22 18:37:57] ⚠️ Skipping duplicate: Pernilets de pollastre blanc
[2025-05-22 18:37:57] ⚠️ Skipping duplicate: Pit de pollastre groc filetejat
[2025-05-22 18:37:58] ⚠️ Skipping duplicate: Pit de pollastre sencer 65% cereals
[2025-05-22 18:37:59] 🌐 Visiting: https://www.bonarea-online.com/online/verdures
[2025-05-22 18:38:05] 🔄 Total products loaded: 24
[2025-05-22 18:38:06] 🔄 Total products loaded: 24
[2025-05-22 18:38:06] 🛑 No new products after scrolling. Stopping scroll.
[2025-05-22 18:38:06] 🔎 Found 24 product(s) in category 'vegetables'
[2025-05-22 18:38:07] ⚠️ Skipping duplicate: Gaspatxo
[2025-05-22 18:38:07] ⚠️ Skipping duplicate: Salmorejo
[2025-05-22 18:38:07] ⚠️ Skipping duplicate: Gaspatxo bric
[2025-05-22 18:38:08] ⚠️ Skipping duplicate: Salmorejo bric
[2025-05-22 18:38:08] ⚠️ Skipping duplicate: Gaspatxo estil andalús
[2025-05-22 18:38:09] ⚠️ Skipping duplicate: Gaspatxo de maduixa
[2025-05-22 18:38:09] ⚠️ Skipping duplicate: Hummus
[2025-05-22 18:38:09] ⚠️ Skipping duplicate: Cap de llom filetejat a la planxa
[2025-05-22 18:38:10] ⚠️ Skipping duplicate: Conill d'espatlla d'anoll
[2025-05-22 18:38:10] ⚠️ Skipping duplicate: Jarret d'anoll
[2025-05-22 18:38:11] ⚠️ Skipping duplicate: Mixt de bull negre i donegal
[2025-05-22 18:38:11] ⚠️ Skipping duplicate: Càpsules Nescafé Dolce Gusto espresso intens
[2025-05-22 18:38:11] ⚠️ Skipping duplicate: Salmó adults
[2025-05-22 18:38:12] ⚠️ Skipping duplicate: Salmó adults
[2025-05-22 18:38:12] ⚠️ Skipping duplicate: Original adults
[2025-05-22 18:38:12] ⚠️ Skipping duplicate: Original adults
[2025-05-22 18:38:13] ⚠️ Skipping duplicate: Junior 2-12 mesos
[2025-05-22 18:38:13] ⚠️ Skipping duplicate: Junior 2-12 mesos
[2025-05-22 18:38:13] ⚠️ Skipping duplicate: Pit de pollastre groc sencer
[2025-05-22 18:38:14] ⚠️ Skipping duplicate: Pernilets de pollastre groc
[2025-05-22 18:38:14] ⚠️ Skipping duplicate: Pit de pollastre blanc sencer
[2025-05-22 18:38:15] ⚠️ Skipping duplicate: Pernilets de pollastre blanc
[2025-05-22 18:38:15] ⚠️ Skipping duplicate: Pit de pollastre groc filetejat
[2025-05-22 18:38:15] ⚠️ Skipping duplicate: Pit de pollastre sencer 65% cereals
[2025-05-22 18:38:22] 🌐 Visiting: https://www.bonarea-online.com/online/begudes
[2025-05-22 18:38:27] 🔄 Total products loaded: 24
[2025-05-22 18:38:29] 🔄 Total products loaded: 24
[2025-05-22 18:38:29] 🛑 No new products after scrolling. Stopping scroll.
[2025-05-22 18:38:29] 🔎 Found 24 product(s) in category 'drinks'
[2025-05-22 18:38:29] ⚠️ Skipping duplicate: Gaspatxo
[2025-05-22 18:38:30] ⚠️ Skipping duplicate: Salmorejo
[2025-05-22 18:38:30] ⚠️ Skipping duplicate: Gaspatxo bric
[2025-05-22 18:38:30] ⚠️ Skipping duplicate: Salmorejo bric
[2025-05-22 18:38:31] ⚠️ Skipping duplicate: Gaspatxo estil andalús
[2025-05-22 18:38:31] ⚠️ Skipping duplicate: Gaspatxo de maduixa
[2025-05-22 18:38:32] ⚠️ Skipping duplicate: Hummus
[2025-05-22 18:38:32] ⚠️ Skipping duplicate: Cap de llom filetejat a la planxa
[2025-05-22 18:38:32] ⚠️ Skipping duplicate: Conill d'espatlla d'anoll
[2025-05-22 18:38:33] ⚠️ Skipping duplicate: Jarret d'anoll
[2025-05-22 18:38:33] ⚠️ Skipping duplicate: Mixt de bull negre i donegal
[2025-05-22 18:38:33] ⚠️ Skipping duplicate: Càpsules Nescafé Dolce Gusto espresso intens
[2025-05-22 18:38:34] ⚠️ Skipping duplicate: Salmó adults
[2025-05-22 18:38:34] ⚠️ Skipping duplicate: Salmó adults
[2025-05-22 18:38:34] ⚠️ Skipping duplicate: Original adults
[2025-05-22 18:38:35] ⚠️ Skipping duplicate: Original adults
[2025-05-22 18:38:35] ⚠️ Skipping duplicate: Junior 2-12 mesos
[2025-05-22 18:38:36] ⚠️ Skipping duplicate: Junior 2-12 mesos
[2025-05-22 18:38:36] ⚠️ Skipping duplicate: Pit de pollastre groc sencer
[2025-05-22 18:38:36] ⚠️ Skipping duplicate: Pernilets de pollastre groc
[2025-05-22 18:38:37] ⚠️ Skipping duplicate: Pit de pollastre blanc sencer
[2025-05-22 18:38:37] ⚠️ Skipping duplicate: Pernilets de pollastre blanc
[2025-05-22 18:38:38] ⚠️ Skipping duplicate: Pit de pollastre groc filetejat
[2025-05-22 18:38:38] ⚠️ Skipping duplicate: Pit de pollastre sencer 65% cereals
[2025-05-22 18:38:39] 🌐 Visiting: https://www.bonarea-online.com/online/dolcos
[2025-05-22 18:38:46] 🔄 Total products loaded: 24
[2025-05-22 18:38:47] 🔄 Total products loaded: 24
[2025-05-22 18:38:47] 🛑 No new products after scrolling. Stopping scroll.
[2025-05-22 18:38:47] 🔎 Found 24 product(s) in category 'sweets'
[2025-05-22 18:38:48] ⚠️ Skipping duplicate: Gaspatxo
[2025-05-22 18:38:48] ⚠️ Skipping duplicate: Salmorejo
[2025-05-22 18:38:49] ⚠️ Skipping duplicate: Gaspatxo bric
[2025-05-22 18:38:49] ⚠️ Skipping duplicate: Salmorejo bric
[2025-05-22 18:38:49] ⚠️ Skipping duplicate: Gaspatxo estil andalús
[2025-05-22 18:38:50] ⚠️ Skipping duplicate: Gaspatxo de maduixa
[2025-05-22 18:38:50] ⚠️ Skipping duplicate: Hummus
[2025-05-22 18:38:51] ⚠️ Skipping duplicate: Cap de llom filetejat a la planxa
[2025-05-22 18:38:51] ⚠️ Skipping duplicate: Conill d'espatlla d'anoll
[2025-05-22 18:38:51] ⚠️ Skipping duplicate: Jarret d'anoll
[2025-05-22 18:38:52] ⚠️ Skipping duplicate: Mixt de bull negre i donegal
[2025-05-22 18:38:52] ⚠️ Skipping duplicate: Càpsules Nescafé Dolce Gusto espresso intens
[2025-05-22 18:38:53] ⚠️ Skipping duplicate: Salmó adults
[2025-05-22 18:38:53] ⚠️ Skipping duplicate: Salmó adults
[2025-05-22 18:38:53] ⚠️ Skipping duplicate: Original adults
[2025-05-22 18:38:54] ⚠️ Skipping duplicate: Original adults
[2025-05-22 18:38:54] ⚠️ Skipping duplicate: Junior 2-12 mesos
[2025-05-22 18:38:55] ⚠️ Skipping duplicate: Junior 2-12 mesos
[2025-05-22 18:38:55] ⚠️ Skipping duplicate: Pit de pollastre groc sencer
[2025-05-22 18:38:56] ⚠️ Skipping duplicate: Pernilets de pollastre groc
[2025-05-22 18:38:56] ⚠️ Skipping duplicate: Pit de pollastre blanc sencer
[2025-05-22 18:38:56] ⚠️ Skipping duplicate: Pernilets de pollastre blanc
[2025-05-22 18:38:57] ⚠️ Skipping duplicate: Pit de pollastre groc filetejat
[2025-05-22 18:38:57] ⚠️ Skipping duplicate: Pit de pollastre sencer 65% cereals
[2025-05-22 18:38:58] 🌐 Visiting: https://www.bonarea-online.com/online/congelats
[2025-05-22 18:39:05] 🔄 Total products loaded: 24
[2025-05-22 18:39:07] 🔄 Total products loaded: 24
[2025-05-22 18:39:07] 🛑 No new products after scrolling. Stopping scroll.
[2025-05-22 18:39:07] 🔎 Found 24 product(s) in category 'frozen'
[2025-05-22 18:39:07] ⚠️ Skipping duplicate: Gaspatxo
[2025-05-22 18:39:08] ⚠️ Skipping duplicate: Salmorejo
[2025-05-22 18:39:09] ⚠️ Skipping duplicate: Gaspatxo bric
[2025-05-22 18:39:09] ⚠️ Skipping duplicate: Salmorejo bric
[2025-05-22 18:39:09] ⚠️ Skipping duplicate: Gaspatxo estil andalús
[2025-05-22 18:39:10] ⚠️ Skipping duplicate: Gaspatxo de maduixa
[2025-05-22 18:39:10] ⚠️ Skipping duplicate: Hummus
[2025-05-22 18:39:11] ⚠️ Skipping duplicate: Cap de llom filetejat a la planxa
[2025-05-22 18:39:11] ⚠️ Skipping duplicate: Conill d'espatlla d'anoll
[2025-05-22 18:39:11] ⚠️ Skipping duplicate: Jarret d'anoll
[2025-05-22 18:39:12] ⚠️ Skipping duplicate: Mixt de bull negre i donegal
[2025-05-22 18:39:12] ⚠️ Skipping duplicate: Càpsules Nescafé Dolce Gusto espresso intens
[2025-05-22 18:39:12] ⚠️ Skipping duplicate: Salmó adults
[2025-05-22 18:39:13] ⚠️ Skipping duplicate: Salmó adults
[2025-05-22 18:39:13] ⚠️ Skipping duplicate: Original adults
[2025-05-22 18:39:13] ⚠️ Skipping duplicate: Original adults
[2025-05-22 18:39:14] ⚠️ Skipping duplicate: Junior 2-12 mesos
[2025-05-22 18:39:14] ⚠️ Skipping duplicate: Junior 2-12 mesos
[2025-05-22 18:39:15] ⚠️ Skipping duplicate: Pit de pollastre groc sencer
[2025-05-22 18:39:15] ⚠️ Skipping duplicate: Pernilets de pollastre groc
[2025-05-22 18:39:15] ⚠️ Skipping duplicate: Pit de pollastre blanc sencer
[2025-05-22 18:39:16] ⚠️ Skipping duplicate: Pernilets de pollastre blanc
[2025-05-22 18:39:17] ⚠️ Skipping duplicate: Pit de pollastre groc filetejat
[2025-05-22 18:39:17] ⚠️ Skipping duplicate: Pit de pollastre sencer 65% cereals
[2025-05-22 18:39:18] 🌐 Visiting: https://www.bonarea-online.com/online/neteja-llar
[2025-05-22 18:39:24] 🔄 Total products loaded: 24
[2025-05-22 18:39:26] 🔄 Total products loaded: 24
[2025-05-22 18:39:26] 🛑 No new products after scrolling. Stopping scroll.
[2025-05-22 18:39:26] 🔎 Found 24 product(s) in category 'cleaning'
[2025-05-22 18:39:27] ⚠️ Skipping duplicate: Gaspatxo
[2025-05-22 18:39:27] ⚠️ Skipping duplicate: Salmorejo
[2025-05-22 18:39:27] ⚠️ Skipping duplicate: Gaspatxo bric
[2025-05-22 18:39:28] ⚠️ Skipping duplicate: Salmorejo bric
[2025-05-22 18:39:28] ⚠️ Skipping duplicate: Gaspatxo estil andalús
[2025-05-22 18:39:29] ⚠️ Skipping duplicate: Gaspatxo de maduixa
[2025-05-22 18:39:29] ⚠️ Skipping duplicate: Hummus
[2025-05-22 18:39:29] ⚠️ Skipping duplicate: Cap de llom filetejat a la planxa
[2025-05-22 18:39:30] ⚠️ Skipping duplicate: Conill d'espatlla d'anoll
[2025-05-22 18:39:30] ⚠️ Skipping duplicate: Jarret d'anoll
[2025-05-22 18:39:31] ⚠️ Skipping duplicate: Mixt de bull negre i donegal
[2025-05-22 18:39:31] ⚠️ Skipping duplicate: Càpsules Nescafé Dolce Gusto espresso intens
[2025-05-22 18:39:31] ⚠️ Skipping duplicate: Salmó adults
[2025-05-22 18:39:32] ⚠️ Skipping duplicate: Salmó adults
[2025-05-22 18:39:32] ⚠️ Skipping duplicate: Original adults
[2025-05-22 18:39:32] ⚠️ Skipping duplicate: Original adults
[2025-05-22 18:39:33] ⚠️ Skipping duplicate: Junior 2-12 mesos
[2025-05-22 18:39:33] ⚠️ Skipping duplicate: Junior 2-12 mesos
[2025-05-22 18:39:34] ⚠️ Skipping duplicate: Pit de pollastre groc sencer
[2025-05-22 18:39:34] ⚠️ Skipping duplicate: Pernilets de pollastre groc
[2025-05-22 18:39:34] ⚠️ Skipping duplicate: Pit de pollastre blanc sencer
[2025-05-22 18:39:35] ⚠️ Skipping duplicate: Pernilets de pollastre blanc
[2025-05-22 18:39:35] ⚠️ Skipping duplicate: Pit de pollastre groc filetejat
[2025-05-22 18:39:36] ⚠️ Skipping duplicate: Pit de pollastre sencer 65% cereals
[2025-05-22 18:39:37] 🌐 Visiting: https://www.bonarea-online.com/online/alimentacio-infantil
[2025-05-22 18:39:43] 🔄 Total products loaded: 24
[2025-05-22 18:39:44] 🔄 Total products loaded: 24
[2025-05-22 18:39:44] 🛑 No new products after scrolling. Stopping scroll.
[2025-05-22 18:39:44] 🔎 Found 24 product(s) in category 'baby'
[2025-05-22 18:39:45] ⚠️ Skipping duplicate: Gaspatxo
[2025-05-22 18:39:45] ⚠️ Skipping duplicate: Salmorejo
[2025-05-22 18:39:45] ⚠️ Skipping duplicate: Gaspatxo bric
[2025-05-22 18:39:46] ⚠️ Skipping duplicate: Salmorejo bric
[2025-05-22 18:39:46] ⚠️ Skipping duplicate: Gaspatxo estil andalús
[2025-05-22 18:39:47] ⚠️ Skipping duplicate: Gaspatxo de maduixa
[2025-05-22 18:39:47] ⚠️ Skipping duplicate: Hummus
[2025-05-22 18:39:47] ⚠️ Skipping duplicate: Cap de llom filetejat a la planxa
[2025-05-22 18:39:48] ⚠️ Skipping duplicate: Conill d'espatlla d'anoll
[2025-05-22 18:39:48] ⚠️ Skipping duplicate: Jarret d'anoll
[2025-05-22 18:39:48] ⚠️ Skipping duplicate: Mixt de bull negre i donegal
[2025-05-22 18:39:49] ⚠️ Skipping duplicate: Càpsules Nescafé Dolce Gusto espresso intens
[2025-05-22 18:39:49] ⚠️ Skipping duplicate: Salmó adults
[2025-05-22 18:39:49] ⚠️ Skipping duplicate: Salmó adults
[2025-05-22 18:39:50] ⚠️ Skipping duplicate: Original adults
[2025-05-22 18:39:50] ⚠️ Skipping duplicate: Original adults
[2025-05-22 18:39:51] ⚠️ Skipping duplicate: Junior 2-12 mesos
[2025-05-22 18:39:51] ⚠️ Skipping duplicate: Junior 2-12 mesos
[2025-05-22 18:39:52] ⚠️ Skipping duplicate: Pit de pollastre groc sencer
[2025-05-22 18:39:52] ⚠️ Skipping duplicate: Pernilets de pollastre groc
[2025-05-22 18:39:52] ⚠️ Skipping duplicate: Pit de pollastre blanc sencer
[2025-05-22 18:39:53] ⚠️ Skipping duplicate: Pernilets de pollastre blanc
[2025-05-22 18:39:53] ⚠️ Skipping duplicate: Pit de pollastre groc filetejat
[2025-05-22 18:39:53] ⚠️ Skipping duplicate: Pit de pollastre sencer 65% cereals
[2025-05-22 18:39:55] 🌐 Visiting: https://www.bonarea-online.com/online/carns
[2025-05-22 18:40:01] 🔄 Total products loaded: 24
[2025-05-22 18:40:02] 🔄 Total products loaded: 24
[2025-05-22 18:40:02] 🛑 No new products after scrolling. Stopping scroll.
[2025-05-22 18:40:02] 🔎 Found 24 product(s) in category 'meat'
[2025-05-22 18:40:03] ⚠️ Skipping duplicate: Gaspatxo
[2025-05-22 18:40:04] ⚠️ Skipping duplicate: Salmorejo
[2025-05-22 18:40:04] ⚠️ Skipping duplicate: Gaspatxo bric
[2025-05-22 18:40:04] ⚠️ Skipping duplicate: Salmorejo bric
[2025-05-22 18:40:05] ⚠️ Skipping duplicate: Gaspatxo estil andalús
[2025-05-22 18:40:05] ⚠️ Skipping duplicate: Gaspatxo de maduixa
[2025-05-22 18:40:05] ⚠️ Skipping duplicate: Hummus
[2025-05-22 18:40:06] ⚠️ Skipping duplicate: Cap de llom filetejat a la planxa
[2025-05-22 18:40:06] ⚠️ Skipping duplicate: Conill d'espatlla d'anoll
[2025-05-22 18:40:07] ⚠️ Skipping duplicate: Jarret d'anoll
[2025-05-22 18:40:07] ⚠️ Skipping duplicate: Mixt de bull negre i donegal
[2025-05-22 18:40:07] ⚠️ Skipping duplicate: Càpsules Nescafé Dolce Gusto espresso intens
[2025-05-22 18:40:08] ⚠️ Skipping duplicate: Salmó adults
[2025-05-22 18:40:08] ⚠️ Skipping duplicate: Salmó adults
[2025-05-22 18:40:08] ⚠️ Skipping duplicate: Original adults
[2025-05-22 18:40:09] ⚠️ Skipping duplicate: Original adults
[2025-05-22 18:40:09] ⚠️ Skipping duplicate: Junior 2-12 mesos
[2025-05-22 18:40:10] ⚠️ Skipping duplicate: Junior 2-12 mesos
[2025-05-22 18:40:10] ⚠️ Skipping duplicate: Pit de pollastre groc sencer
[2025-05-22 18:40:10] ⚠️ Skipping duplicate: Pernilets de pollastre groc
[2025-05-22 18:40:11] ⚠️ Skipping duplicate: Pit de pollastre blanc sencer
[2025-05-22 18:40:11] ⚠️ Skipping duplicate: Pernilets de pollastre blanc
[2025-05-22 18:40:11] ⚠️ Skipping duplicate: Pit de pollastre groc filetejat
[2025-05-22 18:40:12] ⚠️ Skipping duplicate: Pit de pollastre sencer 65% cereals
[2025-05-22 18:40:13] 🌐 Visiting: https://www.bonarea-online.com/online/ous
[2025-05-22 18:40:19] 🔄 Total products loaded: 24
[2025-05-22 18:40:21] 🔄 Total products loaded: 24
[2025-05-22 18:40:21] 🛑 No new products after scrolling. Stopping scroll.
[2025-05-22 18:40:21] 🔎 Found 24 product(s) in category 'eggs'
[2025-05-22 18:40:22] ⚠️ Skipping duplicate: Gaspatxo
[2025-05-22 18:40:22] ⚠️ Skipping duplicate: Salmorejo
[2025-05-22 18:40:22] ⚠️ Skipping duplicate: Gaspatxo bric
[2025-05-22 18:40:23] ⚠️ Skipping duplicate: Salmorejo bric
[2025-05-22 18:40:24] ⚠️ Skipping duplicate: Gaspatxo estil andalús
[2025-05-22 18:40:24] ⚠️ Skipping duplicate: Gaspatxo de maduixa
[2025-05-22 18:40:25] ⚠️ Skipping duplicate: Hummus
[2025-05-22 18:40:25] ⚠️ Skipping duplicate: Cap de llom filetejat a la planxa
[2025-05-22 18:40:26] ⚠️ Skipping duplicate: Conill d'espatlla d'anoll
[2025-05-22 18:40:26] ⚠️ Skipping duplicate: Jarret d'anoll
[2025-05-22 18:40:26] ⚠️ Skipping duplicate: Mixt de bull negre i donegal
[2025-05-22 18:40:27] ⚠️ Skipping duplicate: Càpsules Nescafé Dolce Gusto espresso intens
[2025-05-22 18:40:27] ⚠️ Skipping duplicate: Salmó adults
[2025-05-22 18:40:28] ⚠️ Skipping duplicate: Salmó adults
[2025-05-22 18:40:28] ⚠️ Skipping duplicate: Original adults
[2025-05-22 18:40:29] ⚠️ Skipping duplicate: Original adults
[2025-05-22 18:40:29] ⚠️ Skipping duplicate: Junior 2-12 mesos
[2025-05-22 18:40:29] ⚠️ Skipping duplicate: Junior 2-12 mesos
[2025-05-22 18:40:30] ⚠️ Skipping duplicate: Pit de pollastre groc sencer
[2025-05-22 18:40:30] ⚠️ Skipping duplicate: Pernilets de pollastre groc
[2025-05-22 18:40:30] ⚠️ Skipping duplicate: Pit de pollastre blanc sencer
[2025-05-22 18:40:31] ⚠️ Skipping duplicate: Pernilets de pollastre blanc
[2025-05-22 18:40:31] ⚠️ Skipping duplicate: Pit de pollastre groc filetejat
[2025-05-22 18:40:32] ⚠️ Skipping duplicate: Pit de pollastre sencer 65% cereals
[2025-05-22 18:40:33] 🌐 Visiting: https://www.bonarea-online.com/online/embotits
[2025-05-22 18:40:39] 🔄 Total products loaded: 24
[2025-05-22 18:40:40] 🔄 Total products loaded: 24
[2025-05-22 18:40:40] 🛑 No new products after scrolling. Stopping scroll.
[2025-05-22 18:40:40] 🔎 Found 24 product(s) in category 'sausages'
[2025-05-22 18:40:41] ⚠️ Skipping duplicate: Gaspatxo
[2025-05-22 18:40:41] ⚠️ Skipping duplicate: Salmorejo
[2025-05-22 18:40:41] ⚠️ Skipping duplicate: Gaspatxo bric
[2025-05-22 18:40:42] ⚠️ Skipping duplicate: Salmorejo bric
[2025-05-22 18:40:42] ⚠️ Skipping duplicate: Gaspatxo estil andalús
[2025-05-22 18:40:43] ⚠️ Skipping duplicate: Gaspatxo de maduixa
[2025-05-22 18:40:43] ⚠️ Skipping duplicate: Hummus
[2025-05-22 18:40:43] ⚠️ Skipping duplicate: Cap de llom filetejat a la planxa
[2025-05-22 18:40:44] ⚠️ Skipping duplicate: Conill d'espatlla d'anoll
[2025-05-22 18:40:44] ⚠️ Skipping duplicate: Jarret d'anoll
[2025-05-22 18:40:44] ⚠️ Skipping duplicate: Mixt de bull negre i donegal
[2025-05-22 18:40:45] ⚠️ Skipping duplicate: Càpsules Nescafé Dolce Gusto espresso intens
[2025-05-22 18:40:45] ⚠️ Skipping duplicate: Salmó adults
[2025-05-22 18:40:46] ⚠️ Skipping duplicate: Salmó adults
[2025-05-22 18:40:46] ⚠️ Skipping duplicate: Original adults
[2025-05-22 18:40:46] ⚠️ Skipping duplicate: Original adults
[2025-05-22 18:40:47] ⚠️ Skipping duplicate: Junior 2-12 mesos
[2025-05-22 18:40:47] ⚠️ Skipping duplicate: Junior 2-12 mesos
[2025-05-22 18:40:48] ⚠️ Skipping duplicate: Pit de pollastre groc sencer
[2025-05-22 18:40:48] ⚠️ Skipping duplicate: Pernilets de pollastre groc
[2025-05-22 18:40:48] ⚠️ Skipping duplicate: Pit de pollastre blanc sencer
[2025-05-22 18:40:49] ⚠️ Skipping duplicate: Pernilets de pollastre blanc
[2025-05-22 18:40:49] ⚠️ Skipping duplicate: Pit de pollastre groc filetejat
[2025-05-22 18:40:49] ⚠️ Skipping duplicate: Pit de pollastre sencer 65% cereals
[2025-05-22 18:40:51] 🌐 Visiting: https://www.bonarea-online.com/online/peix-i-marisc
[2025-05-22 18:40:56] 🔄 Total products loaded: 24
[2025-05-22 18:40:58] 🔄 Total products loaded: 24
[2025-05-22 18:40:58] 🛑 No new products after scrolling. Stopping scroll.
[2025-05-22 18:40:58] 🔎 Found 24 product(s) in category 'fish'
[2025-05-22 18:40:59] ⚠️ Skipping duplicate: Gaspatxo
[2025-05-22 18:40:59] ⚠️ Skipping duplicate: Salmorejo
[2025-05-22 18:40:59] ⚠️ Skipping duplicate: Gaspatxo bric
[2025-05-22 18:41:00] ⚠️ Skipping duplicate: Salmorejo bric
[2025-05-22 18:41:00] ⚠️ Skipping duplicate: Gaspatxo estil andalús
[2025-05-22 18:41:00] ⚠️ Skipping duplicate: Gaspatxo de maduixa
[2025-05-22 18:41:01] ⚠️ Skipping duplicate: Hummus
[2025-05-22 18:41:01] ⚠️ Skipping duplicate: Cap de llom filetejat a la planxa
[2025-05-22 18:41:01] ⚠️ Skipping duplicate: Conill d'espatlla d'anoll
[2025-05-22 18:41:02] ⚠️ Skipping duplicate: Jarret d'anoll
[2025-05-22 18:41:02] ⚠️ Skipping duplicate: Mixt de bull negre i donegal
[2025-05-22 18:41:03] ⚠️ Skipping duplicate: Càpsules Nescafé Dolce Gusto espresso intens
[2025-05-22 18:41:03] ⚠️ Skipping duplicate: Salmó adults
[2025-05-22 18:41:03] ⚠️ Skipping duplicate: Salmó adults
[2025-05-22 18:41:04] ⚠️ Skipping duplicate: Original adults
[2025-05-22 18:41:04] ⚠️ Skipping duplicate: Original adults
[2025-05-22 18:41:04] ⚠️ Skipping duplicate: Junior 2-12 mesos
[2025-05-22 18:41:05] ⚠️ Skipping duplicate: Junior 2-12 mesos
[2025-05-22 18:41:05] ⚠️ Skipping duplicate: Pit de pollastre groc sencer
[2025-05-22 18:41:06] ⚠️ Skipping duplicate: Pernilets de pollastre groc
[2025-05-22 18:41:06] ⚠️ Skipping duplicate: Pit de pollastre blanc sencer
[2025-05-22 18:41:06] ⚠️ Skipping duplicate: Pernilets de pollastre blanc
[2025-05-22 18:41:07] ⚠️ Skipping duplicate: Pit de pollastre groc filetejat
[2025-05-22 18:41:07] ⚠️ Skipping duplicate: Pit de pollastre sencer 65% cereals
[2025-05-22 18:41:08] 🌐 Visiting: https://www.bonarea-online.com/online/fruites
[2025-05-22 18:41:15] 🔄 Total products loaded: 24
[2025-05-22 18:41:17] 🔄 Total products loaded: 24
[2025-05-22 18:41:17] 🛑 No new products after scrolling. Stopping scroll.
[2025-05-22 18:41:17] 🔎 Found 24 product(s) in category 'fruits'
[2025-05-22 18:41:17] ⚠️ Skipping duplicate: Gaspatxo
[2025-05-22 18:41:18] ⚠️ Skipping duplicate: Salmorejo
[2025-05-22 18:41:18] ⚠️ Skipping duplicate: Gaspatxo bric
[2025-05-22 18:41:19] ⚠️ Skipping duplicate: Salmorejo bric
[2025-05-22 18:41:19] ⚠️ Skipping duplicate: Gaspatxo estil andalús
[2025-05-22 18:41:19] ⚠️ Skipping duplicate: Gaspatxo de maduixa
[2025-05-22 18:41:20] ⚠️ Skipping duplicate: Hummus
[2025-05-22 18:41:20] ⚠️ Skipping duplicate: Cap de llom filetejat a la planxa
[2025-05-22 18:41:20] ⚠️ Skipping duplicate: Conill d'espatlla d'anoll
[2025-05-22 18:41:21] ⚠️ Skipping duplicate: Jarret d'anoll
[2025-05-22 18:41:21] ⚠️ Skipping duplicate: Mixt de bull negre i donegal
[2025-05-22 18:41:22] ⚠️ Skipping duplicate: Càpsules Nescafé Dolce Gusto espresso intens
[2025-05-22 18:41:22] ⚠️ Skipping duplicate: Salmó adults
[2025-05-22 18:41:22] ⚠️ Skipping duplicate: Salmó adults
[2025-05-22 18:41:23] ⚠️ Skipping duplicate: Original adults
[2025-05-22 18:41:23] ⚠️ Skipping duplicate: Original adults
[2025-05-22 18:41:23] ⚠️ Skipping duplicate: Junior 2-12 mesos
[2025-05-22 18:41:24] ⚠️ Skipping duplicate: Junior 2-12 mesos
[2025-05-22 18:41:24] ⚠️ Skipping duplicate: Pit de pollastre groc sencer
[2025-05-22 18:41:25] ⚠️ Skipping duplicate: Pernilets de pollastre groc
[2025-05-22 18:41:25] ⚠️ Skipping duplicate: Pit de pollastre blanc sencer
[2025-05-22 18:41:25] ⚠️ Skipping duplicate: Pernilets de pollastre blanc
[2025-05-22 18:41:26] ⚠️ Skipping duplicate: Pit de pollastre groc filetejat
[2025-05-22 18:41:26] ⚠️ Skipping duplicate: Pit de pollastre sencer 65% cereals
[2025-05-22 18:41:27] 🌐 Visiting: https://www.bonarea-online.com/online/verdures
[2025-05-22 18:41:34] 🔄 Total products loaded: 24
[2025-05-22 18:41:35] 🔄 Total products loaded: 24
[2025-05-22 18:41:35] 🛑 No new products after scrolling. Stopping scroll.
[2025-05-22 18:41:35] 🔎 Found 24 product(s) in category 'vegetables'
[2025-05-22 18:41:36] ⚠️ Skipping duplicate: Gaspatxo
[2025-05-22 18:41:36] ⚠️ Skipping duplicate: Salmorejo
[2025-05-22 18:41:37] ⚠️ Skipping duplicate: Gaspatxo bric
[2025-05-22 18:41:37] ⚠️ Skipping duplicate: Salmorejo bric
[2025-05-22 18:41:37] ⚠️ Skipping duplicate: Gaspatxo estil andalús
[2025-05-22 18:41:38] ⚠️ Skipping duplicate: Gaspatxo de maduixa
[2025-05-22 18:41:38] ⚠️ Skipping duplicate: Hummus
[2025-05-22 18:41:39] ⚠️ Skipping duplicate: Cap de llom filetejat a la planxa
[2025-05-22 18:41:39] ⚠️ Skipping duplicate: Conill d'espatlla d'anoll
[2025-05-22 18:41:40] ⚠️ Skipping duplicate: Jarret d'anoll
[2025-05-22 18:41:40] ⚠️ Skipping duplicate: Mixt de bull negre i donegal
[2025-05-22 18:41:40] ⚠️ Skipping duplicate: Càpsules Nescafé Dolce Gusto espresso intens
[2025-05-22 18:41:41] ⚠️ Skipping duplicate: Salmó adults
[2025-05-22 18:41:41] ⚠️ Skipping duplicate: Salmó adults
[2025-05-22 18:41:41] ⚠️ Skipping duplicate: Original adults
[2025-05-22 18:41:42] ⚠️ Skipping duplicate: Original adults
[2025-05-22 18:41:42] ⚠️ Skipping duplicate: Junior 2-12 mesos
[2025-05-22 18:41:43] ⚠️ Skipping duplicate: Junior 2-12 mesos
[2025-05-22 18:41:43] ⚠️ Skipping duplicate: Pit de pollastre groc sencer
[2025-05-22 18:41:43] ⚠️ Skipping duplicate: Pernilets de pollastre groc
[2025-05-22 18:41:44] ⚠️ Skipping duplicate: Pit de pollastre blanc sencer
[2025-05-22 18:41:44] ⚠️ Skipping duplicate: Pernilets de pollastre blanc
[2025-05-22 18:41:44] ⚠️ Skipping duplicate: Pit de pollastre groc filetejat
[2025-05-22 18:41:45] ⚠️ Skipping duplicate: Pit de pollastre sencer 65% cereals
[2025-05-22 18:59:18] 🌐 Visiting: https://www.bonarea-online.com/online/begudes?page=1
[2025-05-22 18:59:25] 🔎 Found 24 product(s) in category 'drinks'
[2025-05-22 18:59:26] ⚠️ Skipping duplicate: Gaspatxo
[2025-05-22 18:59:27] ⚠️ Skipping duplicate: Salmorejo
[2025-05-22 18:59:28] ⚠️ Skipping duplicate: Gaspatxo bric
[2025-05-22 18:59:28] ⚠️ Skipping duplicate: Salmorejo bric
[2025-05-22 18:59:29] ⚠️ Skipping duplicate: Gaspatxo estil andalús
[2025-05-22 18:59:29] ⚠️ Skipping duplicate: Gaspatxo de maduixa
[2025-05-22 18:59:30] ⚠️ Skipping duplicate: Hummus
[2025-05-22 18:59:30] ⚠️ Skipping duplicate: Cap de llom filetejat a la planxa
[2025-05-22 18:59:31] ⚠️ Skipping duplicate: Conill d'espatlla d'anoll
[2025-05-22 18:59:31] ⚠️ Skipping duplicate: Jarret d'anoll
[2025-05-22 18:59:31] ⚠️ Skipping duplicate: Mixt de bull negre i donegal
[2025-05-22 18:59:32] ⚠️ Skipping duplicate: Càpsules Nescafé Dolce Gusto espresso intens
[2025-05-22 18:59:32] ⚠️ Skipping duplicate: Salmó adults
[2025-05-22 18:59:32] ⚠️ Skipping duplicate: Salmó adults
[2025-05-22 18:59:33] ⚠️ Skipping duplicate: Original adults
[2025-05-22 18:59:33] ⚠️ Skipping duplicate: Original adults
[2025-05-22 18:59:34] ⚠️ Skipping duplicate: Junior 2-12 mesos
[2025-05-22 18:59:34] ⚠️ Skipping duplicate: Junior 2-12 mesos
[2025-05-22 18:59:34] ⚠️ Skipping duplicate: Pit de pollastre groc sencer
[2025-05-22 18:59:35] ⚠️ Skipping duplicate: Pernilets de pollastre groc
[2025-05-22 18:59:35] ⚠️ Skipping duplicate: Pit de pollastre blanc sencer
[2025-05-22 18:59:36] ⚠️ Skipping duplicate: Pernilets de pollastre blanc
[2025-05-22 18:59:36] ⚠️ Skipping duplicate: Pit de pollastre groc filetejat
[2025-05-22 18:59:37] ⚠️ Skipping duplicate: Pit de pollastre sencer 65% cereals
[2025-05-22 18:59:37] 🛑 No products found on page 1. Stopping.
[2025-05-22 18:59:38] 🌐 Visiting: https://www.bonarea-online.com/online/dolcos?page=1
[2025-05-22 18:59:42] 🔎 Found 24 product(s) in category 'sweets'
[2025-05-22 18:59:43] ⚠️ Skipping duplicate: Gaspatxo
[2025-05-22 18:59:43] ⚠️ Skipping duplicate: Salmorejo
[2025-05-22 18:59:43] ⚠️ Skipping duplicate: Gaspatxo bric
[2025-05-22 18:59:44] ⚠️ Skipping duplicate: Salmorejo bric
[2025-05-22 18:59:44] ⚠️ Skipping duplicate: Gaspatxo estil andalús
[2025-05-22 18:59:44] ⚠️ Skipping duplicate: Gaspatxo de maduixa
[2025-05-22 18:59:45] ⚠️ Skipping duplicate: Hummus
[2025-05-22 18:59:45] ⚠️ Skipping duplicate: Cap de llom filetejat a la planxa
[2025-05-22 18:59:45] ⚠️ Skipping duplicate: Conill d'espatlla d'anoll
[2025-05-22 18:59:46] ⚠️ Skipping duplicate: Jarret d'anoll
[2025-05-22 18:59:46] ⚠️ Skipping duplicate: Mixt de bull negre i donegal
[2025-05-22 18:59:47] ⚠️ Skipping duplicate: Càpsules Nescafé Dolce Gusto espresso intens
[2025-05-22 18:59:47] ⚠️ Skipping duplicate: Salmó adults
[2025-05-22 18:59:47] ⚠️ Skipping duplicate: Salmó adults
[2025-05-22 18:59:48] ⚠️ Skipping duplicate: Original adults
[2025-05-22 18:59:48] ⚠️ Skipping duplicate: Original adults
[2025-05-22 18:59:49] ⚠️ Skipping duplicate: Junior 2-12 mesos
[2025-05-22 18:59:49] ⚠️ Skipping duplicate: Junior 2-12 mesos
[2025-05-22 18:59:49] ⚠️ Skipping duplicate: Pit de pollastre groc sencer
[2025-05-22 18:59:49] ⚠️ Skipping duplicate: Pernilets de pollastre groc
[2025-05-22 18:59:50] ⚠️ Skipping duplicate: Pit de pollastre blanc sencer
[2025-05-22 18:59:50] ⚠️ Skipping duplicate: Pernilets de pollastre blanc
[2025-05-22 18:59:51] ⚠️ Skipping duplicate: Pit de pollastre groc filetejat
[2025-05-22 18:59:51] ⚠️ Skipping duplicate: Pit de pollastre sencer 65% cereals
[2025-05-22 18:59:51] 🛑 No products found on page 1. Stopping.
[2025-05-22 18:59:52] 🌐 Visiting: https://www.bonarea-online.com/online/congelats?page=1
[2025-05-22 18:59:57] 🔎 Found 24 product(s) in category 'frozen'
[2025-05-22 18:59:58] ⚠️ Skipping duplicate: Gaspatxo
[2025-05-22 18:59:58] ⚠️ Skipping duplicate: Salmorejo
[2025-05-22 18:59:59] ⚠️ Skipping duplicate: Gaspatxo bric
[2025-05-22 18:59:59] ⚠️ Skipping duplicate: Salmorejo bric
[2025-05-22 19:00:00] ⚠️ Skipping duplicate: Gaspatxo estil andalús
[2025-05-22 19:00:01] ⚠️ Skipping duplicate: Gaspatxo de maduixa
[2025-05-22 19:00:01] ⚠️ Skipping duplicate: Hummus
[2025-05-22 19:00:02] ⚠️ Skipping duplicate: Cap de llom filetejat a la planxa
[2025-05-22 19:00:02] ⚠️ Skipping duplicate: Conill d'espatlla d'anoll
[2025-05-22 19:00:02] ⚠️ Skipping duplicate: Jarret d'anoll
[2025-05-22 19:00:03] ⚠️ Skipping duplicate: Mixt de bull negre i donegal
[2025-05-22 19:00:03] ⚠️ Skipping duplicate: Càpsules Nescafé Dolce Gusto espresso intens
[2025-05-22 19:00:04] ⚠️ Skipping duplicate: Salmó adults
[2025-05-22 19:00:04] ⚠️ Skipping duplicate: Salmó adults
[2025-05-22 19:00:05] ⚠️ Skipping duplicate: Original adults
[2025-05-22 19:00:05] ⚠️ Skipping duplicate: Original adults
[2025-05-22 19:00:05] ⚠️ Skipping duplicate: Junior 2-12 mesos
[2025-05-22 19:00:06] ⚠️ Skipping duplicate: Junior 2-12 mesos
[2025-05-22 19:00:06] ⚠️ Skipping duplicate: Pit de pollastre groc sencer
[2025-05-22 19:00:06] ⚠️ Skipping duplicate: Pernilets de pollastre groc
[2025-05-22 19:00:07] ⚠️ Skipping duplicate: Pit de pollastre blanc sencer
[2025-05-22 19:00:07] ⚠️ Skipping duplicate: Pernilets de pollastre blanc
[2025-05-22 19:00:08] ⚠️ Skipping duplicate: Pit de pollastre groc filetejat
[2025-05-22 19:00:08] ⚠️ Skipping duplicate: Pit de pollastre sencer 65% cereals
[2025-05-22 19:00:08] 🛑 No products found on page 1. Stopping.
[2025-05-22 19:00:09] 🌐 Visiting: https://www.bonarea-online.com/online/neteja-llar?page=1
[2025-05-22 19:00:14] 🔎 Found 24 product(s) in category 'cleaning'
[2025-05-22 19:00:15] ⚠️ Skipping duplicate: Gaspatxo
[2025-05-22 19:00:15] ⚠️ Skipping duplicate: Salmorejo
[2025-05-22 19:00:16] ⚠️ Skipping duplicate: Gaspatxo bric
[2025-05-22 19:00:16] ⚠️ Skipping duplicate: Salmorejo bric
[2025-05-22 19:00:16] ⚠️ Skipping duplicate: Gaspatxo estil andalús
[2025-05-22 19:00:17] ⚠️ Skipping duplicate: Gaspatxo de maduixa
[2025-05-22 19:00:17] ⚠️ Skipping duplicate: Hummus
[2025-05-22 19:00:18] ⚠️ Skipping duplicate: Cap de llom filetejat a la planxa
[2025-05-22 19:00:18] ⚠️ Skipping duplicate: Conill d'espatlla d'anoll
[2025-05-22 19:00:18] ⚠️ Skipping duplicate: Jarret d'anoll
[2025-05-22 19:00:19] ⚠️ Skipping duplicate: Mixt de bull negre i donegal
[2025-05-22 19:00:19] ⚠️ Skipping duplicate: Càpsules Nescafé Dolce Gusto espresso intens
[2025-05-22 19:00:20] ⚠️ Skipping duplicate: Salmó adults
[2025-05-22 19:00:20] ⚠️ Skipping duplicate: Salmó adults
[2025-05-22 19:00:20] ⚠️ Skipping duplicate: Original adults
[2025-05-22 19:00:21] ⚠️ Skipping duplicate: Original adults
[2025-05-22 19:00:21] ⚠️ Skipping duplicate: Junior 2-12 mesos
[2025-05-22 19:00:22] ⚠️ Skipping duplicate: Junior 2-12 mesos
[2025-05-22 19:00:22] ⚠️ Skipping duplicate: Pit de pollastre groc sencer
[2025-05-22 19:00:22] ⚠️ Skipping duplicate: Pernilets de pollastre groc
[2025-05-22 19:00:23] ⚠️ Skipping duplicate: Pit de pollastre blanc sencer
[2025-05-22 19:00:23] ⚠️ Skipping duplicate: Pernilets de pollastre blanc
[2025-05-22 19:00:23] ⚠️ Skipping duplicate: Pit de pollastre groc filetejat
[2025-05-22 19:00:24] ⚠️ Skipping duplicate: Pit de pollastre sencer 65% cereals
[2025-05-22 19:00:24] 🛑 No products found on page 1. Stopping.
[2025-05-22 19:00:25] 🌐 Visiting: https://www.bonarea-online.com/online/alimentacio-infantil?page=1
[2025-05-22 19:00:29] 🔎 Found 24 product(s) in category 'baby'
[2025-05-22 19:00:30] ⚠️ Skipping duplicate: Gaspatxo
[2025-05-22 19:00:30] ⚠️ Skipping duplicate: Salmorejo
[2025-05-22 19:00:31] ⚠️ Skipping duplicate: Gaspatxo bric
[2025-05-22 19:00:31] ⚠️ Skipping duplicate: Salmorejo bric
[2025-05-22 19:00:31] ⚠️ Skipping duplicate: Gaspatxo estil andalús
[2025-05-22 19:00:32] ⚠️ Skipping duplicate: Gaspatxo de maduixa
[2025-05-22 19:00:32] ⚠️ Skipping duplicate: Hummus
[2025-05-22 19:00:33] ⚠️ Skipping duplicate: Cap de llom filetejat a la planxa
[2025-05-22 19:00:33] ⚠️ Skipping duplicate: Conill d'espatlla d'anoll
[2025-05-22 19:00:33] ⚠️ Skipping duplicate: Jarret d'anoll
[2025-05-22 19:00:34] ⚠️ Skipping duplicate: Mixt de bull negre i donegal
[2025-05-22 19:00:34] ⚠️ Skipping duplicate: Càpsules Nescafé Dolce Gusto espresso intens
[2025-05-22 19:00:34] ⚠️ Skipping duplicate: Salmó adults
[2025-05-22 19:00:35] ⚠️ Skipping duplicate: Salmó adults
[2025-05-22 19:00:35] ⚠️ Skipping duplicate: Original adults
[2025-05-22 19:00:36] ⚠️ Skipping duplicate: Original adults
[2025-05-22 19:00:36] ⚠️ Skipping duplicate: Junior 2-12 mesos
[2025-05-22 19:00:36] ⚠️ Skipping duplicate: Junior 2-12 mesos
[2025-05-22 19:00:37] ⚠️ Skipping duplicate: Pit de pollastre groc sencer
[2025-05-22 19:00:37] ⚠️ Skipping duplicate: Pernilets de pollastre groc
[2025-05-22 19:00:37] ⚠️ Skipping duplicate: Pit de pollastre blanc sencer
[2025-05-22 19:00:38] ⚠️ Skipping duplicate: Pernilets de pollastre blanc
[2025-05-22 19:00:38] ⚠️ Skipping duplicate: Pit de pollastre groc filetejat
[2025-05-22 19:00:39] ⚠️ Skipping duplicate: Pit de pollastre sencer 65% cereals
[2025-05-22 19:00:39] 🛑 No products found on page 1. Stopping.
[2025-05-22 19:00:40] 🌐 Visiting: https://www.bonarea-online.com/online/carns?page=1
[2025-05-22 19:00:44] 🔎 Found 24 product(s) in category 'meat'
[2025-05-22 19:00:45] ⚠️ Skipping duplicate: Gaspatxo
[2025-05-22 19:00:45] ⚠️ Skipping duplicate: Salmorejo
[2025-05-22 19:00:45] ⚠️ Skipping duplicate: Gaspatxo bric
[2025-05-22 19:00:46] ⚠️ Skipping duplicate: Salmorejo bric
[2025-05-22 19:00:46] ⚠️ Skipping duplicate: Gaspatxo estil andalús
[2025-05-22 19:00:47] ⚠️ Skipping duplicate: Gaspatxo de maduixa
[2025-05-22 19:00:47] ⚠️ Skipping duplicate: Hummus
[2025-05-22 19:00:47] ⚠️ Skipping duplicate: Cap de llom filetejat a la planxa
[2025-05-22 19:00:48] ⚠️ Skipping duplicate: Conill d'espatlla d'anoll
[2025-05-22 19:00:48] ⚠️ Skipping duplicate: Jarret d'anoll
[2025-05-22 19:00:49] ⚠️ Skipping duplicate: Mixt de bull negre i donegal
[2025-05-22 19:00:49] ⚠️ Skipping duplicate: Càpsules Nescafé Dolce Gusto espresso intens
[2025-05-22 19:00:49] ⚠️ Skipping duplicate: Salmó adults
[2025-05-22 19:00:50] ⚠️ Skipping duplicate: Salmó adults
[2025-05-22 19:00:50] ⚠️ Skipping duplicate: Original adults
[2025-05-22 19:00:50] ⚠️ Skipping duplicate: Original adults
[2025-05-22 19:00:51] ⚠️ Skipping duplicate: Junior 2-12 mesos
[2025-05-22 19:00:51] ⚠️ Skipping duplicate: Junior 2-12 mesos
[2025-05-22 19:00:51] ⚠️ Skipping duplicate: Pit de pollastre groc sencer
[2025-05-22 19:00:52] ⚠️ Skipping duplicate: Pernilets de pollastre groc
[2025-05-22 19:00:52] ⚠️ Skipping duplicate: Pit de pollastre blanc sencer
[2025-05-22 19:00:53] ⚠️ Skipping duplicate: Pernilets de pollastre blanc
[2025-05-22 19:00:53] ⚠️ Skipping duplicate: Pit de pollastre groc filetejat
[2025-05-22 19:00:53] ⚠️ Skipping duplicate: Pit de pollastre sencer 65% cereals
[2025-05-22 19:00:53] 🛑 No products found on page 1. Stopping.
[2025-05-22 19:00:55] 🌐 Visiting: https://www.bonarea-online.com/online/ous?page=1
[2025-05-22 19:00:58] 🔎 Found 24 product(s) in category 'eggs'
[2025-05-22 19:00:59] ⚠️ Skipping duplicate: Gaspatxo
[2025-05-22 19:00:59] ⚠️ Skipping duplicate: Salmorejo
[2025-05-22 19:01:00] ⚠️ Skipping duplicate: Gaspatxo bric
[2025-05-22 19:01:00] ⚠️ Skipping duplicate: Salmorejo bric
[2025-05-22 19:01:01] ⚠️ Skipping duplicate: Gaspatxo estil andalús
[2025-05-22 19:01:01] ⚠️ Skipping duplicate: Gaspatxo de maduixa
[2025-05-22 19:01:01] ⚠️ Skipping duplicate: Hummus
[2025-05-22 19:01:02] ⚠️ Skipping duplicate: Cap de llom filetejat a la planxa
[2025-05-22 19:01:02] ⚠️ Skipping duplicate: Conill d'espatlla d'anoll
[2025-05-22 19:01:03] ⚠️ Skipping duplicate: Jarret d'anoll
[2025-05-22 19:01:03] ⚠️ Skipping duplicate: Mixt de bull negre i donegal
[2025-05-22 19:01:03] ⚠️ Skipping duplicate: Càpsules Nescafé Dolce Gusto espresso intens
[2025-05-22 19:01:04] ⚠️ Skipping duplicate: Salmó adults
[2025-05-22 19:01:04] ⚠️ Skipping duplicate: Salmó adults
[2025-05-22 19:01:05] ⚠️ Skipping duplicate: Original adults
[2025-05-22 19:01:05] ⚠️ Skipping duplicate: Original adults
[2025-05-22 19:01:05] ⚠️ Skipping duplicate: Junior 2-12 mesos
[2025-05-22 19:01:06] ⚠️ Skipping duplicate: Junior 2-12 mesos
[2025-05-22 19:01:06] ⚠️ Skipping duplicate: Pit de pollastre groc sencer
[2025-05-22 19:01:06] ⚠️ Skipping duplicate: Pernilets de pollastre groc
[2025-05-22 19:01:07] ⚠️ Skipping duplicate: Pit de pollastre blanc sencer
[2025-05-22 19:01:07] ⚠️ Skipping duplicate: Pernilets de pollastre blanc
[2025-05-22 19:01:08] ⚠️ Skipping duplicate: Pit de pollastre groc filetejat
[2025-05-22 19:01:08] ⚠️ Skipping duplicate: Pit de pollastre sencer 65% cereals
[2025-05-22 19:01:08] 🛑 No products found on page 1. Stopping.
[2025-05-22 19:01:09] 🌐 Visiting: https://www.bonarea-online.com/online/embotits?page=1
[2025-05-22 19:01:14] 🔎 Found 24 product(s) in category 'sausages'
[2025-05-22 19:01:14] ⚠️ Skipping duplicate: Gaspatxo
[2025-05-22 19:01:15] ⚠️ Skipping duplicate: Salmorejo
[2025-05-22 19:01:15] ⚠️ Skipping duplicate: Gaspatxo bric
[2025-05-22 19:01:15] ⚠️ Skipping duplicate: Salmorejo bric
[2025-05-22 19:01:16] ⚠️ Skipping duplicate: Gaspatxo estil andalús
[2025-05-22 19:01:16] ⚠️ Skipping duplicate: Gaspatxo de maduixa
[2025-05-22 19:01:17] ⚠️ Skipping duplicate: Hummus
[2025-05-22 19:01:17] ⚠️ Skipping duplicate: Cap de llom filetejat a la planxa
[2025-05-22 19:01:18] ⚠️ Skipping duplicate: Conill d'espatlla d'anoll
[2025-05-22 19:01:18] ⚠️ Skipping duplicate: Jarret d'anoll
[2025-05-22 19:01:18] ⚠️ Skipping duplicate: Mixt de bull negre i donegal
[2025-05-22 19:01:19] ⚠️ Skipping duplicate: Càpsules Nescafé Dolce Gusto espresso intens
[2025-05-22 19:01:19] ⚠️ Skipping duplicate: Salmó adults
[2025-05-22 19:01:19] ⚠️ Skipping duplicate: Salmó adults
[2025-05-22 19:01:20] ⚠️ Skipping duplicate: Original adults
[2025-05-22 19:01:20] ⚠️ Skipping duplicate: Original adults
[2025-05-22 19:01:21] ⚠️ Skipping duplicate: Junior 2-12 mesos
[2025-05-22 19:01:21] ⚠️ Skipping duplicate: Junior 2-12 mesos
[2025-05-22 19:01:21] ⚠️ Skipping duplicate: Pit de pollastre groc sencer
[2025-05-22 19:01:22] ⚠️ Skipping duplicate: Pernilets de pollastre groc
[2025-05-22 19:01:22] ⚠️ Skipping duplicate: Pit de pollastre blanc sencer
[2025-05-22 19:01:23] ⚠️ Skipping duplicate: Pernilets de pollastre blanc
[2025-05-22 19:01:23] ⚠️ Skipping duplicate: Pit de pollastre groc filetejat
[2025-05-22 19:01:23] ⚠️ Skipping duplicate: Pit de pollastre sencer 65% cereals
[2025-05-22 19:01:23] 🛑 No products found on page 1. Stopping.
[2025-05-22 19:01:24] 🌐 Visiting: https://www.bonarea-online.com/online/peix-i-marisc?page=1
[2025-05-22 19:01:29] 🔎 Found 24 product(s) in category 'fish'
[2025-05-22 19:01:29] ⚠️ Skipping duplicate: Gaspatxo
[2025-05-22 19:01:30] ⚠️ Skipping duplicate: Salmorejo
[2025-05-22 19:01:30] ⚠️ Skipping duplicate: Gaspatxo bric
[2025-05-22 19:01:31] ⚠️ Skipping duplicate: Salmorejo bric
[2025-05-22 19:01:32] ⚠️ Skipping duplicate: Gaspatxo estil andalús
[2025-05-22 19:01:32] ⚠️ Skipping duplicate: Gaspatxo de maduixa
[2025-05-22 19:01:32] ⚠️ Skipping duplicate: Hummus
[2025-05-22 19:01:36] ⚠️ Skipping duplicate: Cap de llom filetejat a la planxa
[2025-05-22 19:01:36] ⚠️ Skipping duplicate: Conill d'espatlla d'anoll
[2025-05-22 19:01:47] ⚠️ Skipping duplicate: Jarret d'anoll
[2025-05-22 19:01:48] ⚠️ Skipping duplicate: Mixt de bull negre i donegal
[2025-05-22 19:01:48] ⚠️ Skipping duplicate: Càpsules Nescafé Dolce Gusto espresso intens
[2025-05-22 19:01:49] ⚠️ Skipping duplicate: Salmó adults
[2025-05-22 19:01:50] ⚠️ Skipping duplicate: Salmó adults
[2025-05-22 19:01:50] ⚠️ Skipping duplicate: Original adults
[2025-05-22 19:01:51] ⚠️ Skipping duplicate: Original adults
[2025-05-22 19:01:51] ⚠️ Skipping duplicate: Junior 2-12 mesos
[2025-05-22 19:01:52] ⚠️ Skipping duplicate: Junior 2-12 mesos
[2025-05-22 19:01:53] ⚠️ Skipping duplicate: Pit de pollastre groc sencer
[2025-05-22 19:01:53] ⚠️ Skipping duplicate: Pernilets de pollastre groc
[2025-05-22 19:01:54] ⚠️ Skipping duplicate: Pit de pollastre blanc sencer
[2025-05-22 19:01:54] ⚠️ Skipping duplicate: Pernilets de pollastre blanc
[2025-05-22 19:01:55] ⚠️ Skipping duplicate: Pit de pollastre groc filetejat
[2025-05-22 19:01:55] ⚠️ Skipping duplicate: Pit de pollastre sencer 65% cereals
[2025-05-22 19:01:55] 🛑 No products found on page 1. Stopping.
[2025-05-22 19:01:56] 🌐 Visiting: https://www.bonarea-online.com/online/fruites?page=1
[2025-05-22 19:02:09] 🔎 Found 24 product(s) in category 'fruits'
[2025-05-22 19:02:10] ⚠️ Skipping duplicate: Gaspatxo
[2025-05-22 19:02:10] ⚠️ Skipping duplicate: Salmorejo
[2025-05-22 19:02:11] ⚠️ Skipping duplicate: Gaspatxo bric
[2025-05-22 19:02:12] ⚠️ Skipping duplicate: Salmorejo bric
[2025-05-22 19:02:12] ⚠️ Skipping duplicate: Gaspatxo estil andalús
[2025-05-22 19:02:13] ⚠️ Skipping duplicate: Gaspatxo de maduixa
[2025-05-22 19:02:13] ⚠️ Skipping duplicate: Hummus
[2025-05-22 19:02:14] ⚠️ Skipping duplicate: Cap de llom filetejat a la planxa
[2025-05-22 19:02:15] ⚠️ Skipping duplicate: Conill d'espatlla d'anoll
[2025-05-22 19:02:15] ⚠️ Skipping duplicate: Jarret d'anoll
[2025-05-22 19:02:15] ⚠️ Skipping duplicate: Mixt de bull negre i donegal
[2025-05-22 19:02:16] ⚠️ Skipping duplicate: Càpsules Nescafé Dolce Gusto espresso intens
[2025-05-22 19:02:16] ⚠️ Skipping duplicate: Salmó adults
[2025-05-22 19:02:17] ⚠️ Skipping duplicate: Salmó adults
[2025-05-22 19:02:17] ⚠️ Skipping duplicate: Original adults
[2025-05-22 19:02:18] ⚠️ Skipping duplicate: Original adults
[2025-05-22 19:02:18] ⚠️ Skipping duplicate: Junior 2-12 mesos
[2025-05-22 19:02:18] ⚠️ Skipping duplicate: Junior 2-12 mesos
[2025-05-22 19:02:19] ⚠️ Skipping duplicate: Pit de pollastre groc sencer
[2025-05-22 19:02:19] ⚠️ Skipping duplicate: Pernilets de pollastre groc
[2025-05-22 19:02:20] ⚠️ Skipping duplicate: Pit de pollastre blanc sencer
[2025-05-22 19:02:20] ⚠️ Skipping duplicate: Pernilets de pollastre blanc
[2025-05-22 19:02:21] ⚠️ Skipping duplicate: Pit de pollastre groc filetejat
[2025-05-22 19:02:21] ⚠️ Skipping duplicate: Pit de pollastre sencer 65% cereals
[2025-05-22 19:02:21] 🛑 No products found on page 1. Stopping.
[2025-05-22 19:02:22] 🌐 Visiting: https://www.bonarea-online.com/online/verdures?page=1
[2025-05-22 19:02:27] 🔎 Found 24 product(s) in category 'vegetables'
[2025-05-22 19:02:27] ⚠️ Skipping duplicate: Gaspatxo
[2025-05-22 19:45:09] ❌ Failed to extract product: [Errno 11001] getaddrinfo failed
[2025-05-22 19:45:09] ❌ Failed to extract product: [Errno 11001] getaddrinfo failed
[2025-05-22 19:45:10] ❌ Failed to extract product: [Errno 11001] getaddrinfo failed
[2025-05-22 19:45:10] ❌ Failed to extract product: [Errno 11001] getaddrinfo failed
[2025-05-22 19:45:10] ❌ Failed to extract product: [Errno 11001] getaddrinfo failed
[2025-05-22 19:45:10] ❌ Failed to extract product: [Errno 11001] getaddrinfo failed
[2025-05-22 19:45:10] ❌ Failed to extract product: [Errno 11001] getaddrinfo failed
[2025-05-22 19:45:10] ❌ Failed to extract product: [Errno 11001] getaddrinfo failed
[2025-05-22 19:45:10] ❌ Failed to extract product: [Errno 11001] getaddrinfo failed
[2025-05-22 19:45:10] ❌ Failed to extract product: [Errno 11001] getaddrinfo failed
[2025-05-22 19:45:10] ❌ Failed to extract product: [Errno 11001] getaddrinfo failed
[2025-05-22 19:45:11] ❌ Failed to extract product: [Errno 11001] getaddrinfo failed
[2025-05-22 19:45:11] ❌ Failed to extract product: [Errno 11001] getaddrinfo failed
[2025-05-22 19:45:11] ❌ Failed to extract product: [Errno 11001] getaddrinfo failed
[2025-05-22 19:45:11] ❌ Failed to extract product: [Errno 11001] getaddrinfo failed
[2025-05-22 19:45:11] ❌ Failed to extract product: [Errno 11001] getaddrinfo failed
[2025-05-22 19:45:11] ❌ Failed to extract product: [Errno 11001] getaddrinfo failed
[2025-05-22 19:45:11] ❌ Failed to extract product: [Errno 11001] getaddrinfo failed
[2025-05-22 19:45:11] ❌ Failed to extract product: [Errno 11001] getaddrinfo failed
[2025-05-22 19:45:11] ❌ Failed to extract product: [Errno 11001] getaddrinfo failed
[2025-05-22 19:45:11] ❌ Failed to extract product: [Errno 11001] getaddrinfo failed
[2025-05-22 19:45:11] ❌ Failed to extract product: [Errno 11001] getaddrinfo failed
[2025-05-22 19:45:11] ❌ Failed to extract product: [Errno 11001] getaddrinfo failed
[2025-05-22 19:45:11] 🛑 No products found on page 1. Stopping.
[2025-05-23 13:38:05] 🌐 Visiting: https://www.bonarea-online.com/online/begudes?page=1
[2025-05-23 13:38:13] 🔎 Found 24 product(s) in category 'drinks'
[2025-05-23 13:38:14] ⚠️ Skipping duplicate: Gaspatxo
[2025-05-23 13:38:15] ⚠️ Skipping duplicate: Salmorejo
[2025-05-23 13:38:15] ⚠️ Skipping duplicate: Gaspatxo bric
[2025-05-23 13:38:16] ⚠️ Skipping duplicate: Salmorejo bric
[2025-05-23 13:38:16] ⚠️ Skipping duplicate: Gaspatxo estil andalús
[2025-05-23 13:38:17] ⚠️ Skipping duplicate: Gaspatxo de maduixa
[2025-05-23 13:38:17] ⚠️ Skipping duplicate: Hummus
[2025-05-23 13:38:17] ⚠️ Skipping duplicate: Cap de llom filetejat a la planxa
[2025-05-23 13:38:18] ⚠️ Skipping duplicate: Conill d'espatlla d'anoll
[2025-05-23 13:38:18] ⚠️ Skipping duplicate: Jarret d'anoll
[2025-05-23 13:38:19] ⚠️ Skipping duplicate: Mixt de bull negre i donegal
[2025-05-23 13:38:19] ⚠️ Skipping duplicate: Càpsules Nescafé Dolce Gusto espresso intens
[2025-05-23 13:38:19] ⚠️ Skipping duplicate: Salmó adults
[2025-05-23 13:38:20] ⚠️ Skipping duplicate: Salmó adults
[2025-05-23 13:38:20] ⚠️ Skipping duplicate: Original adults
[2025-05-23 13:38:21] ⚠️ Skipping duplicate: Original adults
[2025-05-23 13:38:21] ⚠️ Skipping duplicate: Junior 2-12 mesos
[2025-05-23 13:38:21] ⚠️ Skipping duplicate: Junior 2-12 mesos
[2025-05-23 13:38:21] ⚠️ Skipping duplicate: Pit de pollastre groc sencer
[2025-05-23 13:38:22] ⚠️ Skipping duplicate: Pernilets de pollastre groc
[2025-05-23 13:38:22] ⚠️ Skipping duplicate: Pit de pollastre blanc sencer
[2025-05-23 13:38:22] ⚠️ Skipping duplicate: Pernilets de pollastre blanc
[2025-05-23 13:38:23] ⚠️ Skipping duplicate: Pit de pollastre groc filetejat
[2025-05-23 13:38:23] ⚠️ Skipping duplicate: Pit de pollastre sencer 65% cereals
[2025-05-23 13:38:23] 🛑 No products found on page 1. Stopping.
[2025-05-23 13:38:24] 🌐 Visiting: https://www.bonarea-online.com/online/dolcos?page=1
[2025-05-23 13:38:28] 🔎 Found 24 product(s) in category 'sweets'
[2025-05-23 13:38:28] ⚠️ Skipping duplicate: Gaspatxo
[2025-05-23 13:38:28] ⚠️ Skipping duplicate: Salmorejo
[2025-05-23 13:38:29] ⚠️ Skipping duplicate: Gaspatxo bric
[2025-05-23 13:38:29] ⚠️ Skipping duplicate: Salmorejo bric
[2025-05-23 13:38:29] ⚠️ Skipping duplicate: Gaspatxo estil andalús
[2025-05-23 13:38:30] ⚠️ Skipping duplicate: Gaspatxo de maduixa
[2025-05-23 13:38:30] ⚠️ Skipping duplicate: Hummus
[2025-05-23 13:38:30] ⚠️ Skipping duplicate: Cap de llom filetejat a la planxa
[2025-05-23 13:38:30] ⚠️ Skipping duplicate: Conill d'espatlla d'anoll
[2025-05-23 13:38:31] ⚠️ Skipping duplicate: Jarret d'anoll
[2025-05-23 13:38:31] ⚠️ Skipping duplicate: Mixt de bull negre i donegal
[2025-05-23 13:38:31] ⚠️ Skipping duplicate: Càpsules Nescafé Dolce Gusto espresso intens
[2025-05-23 13:38:32] ⚠️ Skipping duplicate: Salmó adults
[2025-05-23 13:38:32] ⚠️ Skipping duplicate: Salmó adults
[2025-05-23 13:38:32] ⚠️ Skipping duplicate: Original adults
[2025-05-23 13:38:33] ⚠️ Skipping duplicate: Original adults
[2025-05-23 13:38:33] ⚠️ Skipping duplicate: Junior 2-12 mesos
[2025-05-23 13:38:33] ⚠️ Skipping duplicate: Junior 2-12 mesos
[2025-05-23 13:38:34] ⚠️ Skipping duplicate: Pit de pollastre groc sencer
[2025-05-23 13:38:35] ⚠️ Skipping duplicate: Pernilets de pollastre groc
[2025-05-23 13:38:35] ⚠️ Skipping duplicate: Pit de pollastre blanc sencer
[2025-05-23 13:38:36] ⚠️ Skipping duplicate: Pernilets de pollastre blanc
[2025-05-23 13:38:36] ⚠️ Skipping duplicate: Pit de pollastre groc filetejat
[2025-05-23 13:38:37] ⚠️ Skipping duplicate: Pit de pollastre sencer 65% cereals
[2025-05-23 13:38:37] 🛑 No products found on page 1. Stopping.
[2025-05-23 13:38:37] 🌐 Visiting: https://www.bonarea-online.com/online/congelats?page=1
[2025-05-23 13:38:42] 🔎 Found 24 product(s) in category 'frozen'
[2025-05-23 13:38:43] ⚠️ Skipping duplicate: Gaspatxo
[2025-05-23 13:38:43] ⚠️ Skipping duplicate: Salmorejo
[2025-05-23 13:38:44] ⚠️ Skipping duplicate: Gaspatxo bric
[2025-05-23 13:38:44] ⚠️ Skipping duplicate: Salmorejo bric
[2025-05-23 13:38:44] ⚠️ Skipping duplicate: Gaspatxo estil andalús
[2025-05-23 13:38:44] ⚠️ Skipping duplicate: Gaspatxo de maduixa
[2025-05-23 13:38:45] ⚠️ Skipping duplicate: Hummus
[2025-05-23 13:38:45] ⚠️ Skipping duplicate: Cap de llom filetejat a la planxa
[2025-05-23 13:38:46] ⚠️ Skipping duplicate: Conill d'espatlla d'anoll
[2025-05-23 13:38:46] ⚠️ Skipping duplicate: Jarret d'anoll
[2025-05-23 13:38:46] ⚠️ Skipping duplicate: Mixt de bull negre i donegal
[2025-05-23 13:38:47] ⚠️ Skipping duplicate: Càpsules Nescafé Dolce Gusto espresso intens
[2025-05-23 13:38:47] ⚠️ Skipping duplicate: Salmó adults
[2025-05-23 13:38:47] ⚠️ Skipping duplicate: Salmó adults
[2025-05-23 13:38:47] ⚠️ Skipping duplicate: Original adults
[2025-05-23 13:38:48] ⚠️ Skipping duplicate: Original adults
[2025-05-23 13:38:48] ⚠️ Skipping duplicate: Junior 2-12 mesos
[2025-05-23 13:38:48] ⚠️ Skipping duplicate: Junior 2-12 mesos
[2025-05-23 13:38:49] ⚠️ Skipping duplicate: Pit de pollastre groc sencer
[2025-05-23 13:38:49] ⚠️ Skipping duplicate: Pernilets de pollastre groc
[2025-05-23 13:38:49] ⚠️ Skipping duplicate: Pit de pollastre blanc sencer
[2025-05-23 13:38:50] ⚠️ Skipping duplicate: Pernilets de pollastre blanc
[2025-05-23 13:38:50] ⚠️ Skipping duplicate: Pit de pollastre groc filetejat
[2025-05-23 13:38:50] ⚠️ Skipping duplicate: Pit de pollastre sencer 65% cereals
[2025-05-23 13:38:50] 🛑 No products found on page 1. Stopping.
[2025-05-23 13:38:51] 🌐 Visiting: https://www.bonarea-online.com/online/neteja-llar?page=1
[2025-05-23 13:38:56] 🔎 Found 24 product(s) in category 'cleaning'
[2025-05-23 13:38:56] ⚠️ Skipping duplicate: Gaspatxo
[2025-05-23 13:38:57] ⚠️ Skipping duplicate: Salmorejo
[2025-05-23 13:38:57] ⚠️ Skipping duplicate: Gaspatxo bric
[2025-05-23 13:38:58] ⚠️ Skipping duplicate: Salmorejo bric
[2025-05-23 13:38:58] ⚠️ Skipping duplicate: Gaspatxo estil andalús
[2025-05-23 13:38:59] ⚠️ Skipping duplicate: Gaspatxo de maduixa
[2025-05-23 13:38:59] ⚠️ Skipping duplicate: Hummus
[2025-05-23 13:39:00] ⚠️ Skipping duplicate: Cap de llom filetejat a la planxa
[2025-05-23 13:39:00] ⚠️ Skipping duplicate: Conill d'espatlla d'anoll
[2025-05-23 13:39:01] ⚠️ Skipping duplicate: Jarret d'anoll
[2025-05-23 13:39:01] ⚠️ Skipping duplicate: Mixt de bull negre i donegal
[2025-05-23 13:39:01] ⚠️ Skipping duplicate: Càpsules Nescafé Dolce Gusto espresso intens
[2025-05-23 13:39:02] ⚠️ Skipping duplicate: Salmó adults
[2025-05-23 13:39:02] ⚠️ Skipping duplicate: Salmó adults
[2025-05-23 13:39:03] ⚠️ Skipping duplicate: Original adults
[2025-05-23 13:39:03] ⚠️ Skipping duplicate: Original adults
[2025-05-23 13:39:03] ⚠️ Skipping duplicate: Junior 2-12 mesos
[2025-05-23 13:39:04] ⚠️ Skipping duplicate: Junior 2-12 mesos
[2025-05-23 13:39:04] ⚠️ Skipping duplicate: Pit de pollastre groc sencer
[2025-05-23 13:39:05] ⚠️ Skipping duplicate: Pernilets de pollastre groc
[2025-05-23 13:39:05] ⚠️ Skipping duplicate: Pit de pollastre blanc sencer
[2025-05-23 13:39:05] ⚠️ Skipping duplicate: Pernilets de pollastre blanc
[2025-05-23 13:39:06] ⚠️ Skipping duplicate: Pit de pollastre groc filetejat
[2025-05-23 13:39:06] ⚠️ Skipping duplicate: Pit de pollastre sencer 65% cereals
[2025-05-23 13:39:06] 🛑 No products found on page 1. Stopping.
[2025-05-23 13:39:07] 🌐 Visiting: https://www.bonarea-online.com/online/alimentacio-infantil?page=1
[2025-05-23 13:39:15] 🔎 Found 24 product(s) in category 'baby'
[2025-05-23 13:39:15] ⚠️ Skipping duplicate: Gaspatxo
[2025-05-23 13:39:15] ⚠️ Skipping duplicate: Salmorejo
[2025-05-23 13:39:16] ⚠️ Skipping duplicate: Gaspatxo bric
[2025-05-23 13:39:16] ⚠️ Skipping duplicate: Salmorejo bric
[2025-05-23 13:39:16] ⚠️ Skipping duplicate: Gaspatxo estil andalús
[2025-05-23 13:39:17] ⚠️ Skipping duplicate: Gaspatxo de maduixa
[2025-05-23 13:39:17] ⚠️ Skipping duplicate: Hummus
[2025-05-23 13:39:18] ⚠️ Skipping duplicate: Cap de llom filetejat a la planxa
[2025-05-23 13:39:18] ⚠️ Skipping duplicate: Conill d'espatlla d'anoll
[2025-05-23 13:39:18] ⚠️ Skipping duplicate: Jarret d'anoll
[2025-05-23 13:39:19] ⚠️ Skipping duplicate: Mixt de bull negre i donegal
[2025-05-23 13:39:19] ⚠️ Skipping duplicate: Càpsules Nescafé Dolce Gusto espresso intens
[2025-05-23 13:39:19] ⚠️ Skipping duplicate: Salmó adults
[2025-05-23 13:39:20] ⚠️ Skipping duplicate: Salmó adults
[2025-05-23 13:39:20] ⚠️ Skipping duplicate: Original adults
[2025-05-23 13:39:20] ⚠️ Skipping duplicate: Original adults
[2025-05-23 13:39:21] ⚠️ Skipping duplicate: Junior 2-12 mesos
[2025-05-23 13:39:21] ⚠️ Skipping duplicate: Junior 2-12 mesos
[2025-05-23 13:39:22] ⚠️ Skipping duplicate: Pit de pollastre groc sencer
[2025-05-23 13:39:22] ⚠️ Skipping duplicate: Pernilets de pollastre groc
[2025-05-23 13:39:23] ⚠️ Skipping duplicate: Pit de pollastre blanc sencer
[2025-05-23 13:39:23] ⚠️ Skipping duplicate: Pernilets de pollastre blanc
[2025-05-23 13:39:23] ⚠️ Skipping duplicate: Pit de pollastre groc filetejat
[2025-05-23 13:39:24] ⚠️ Skipping duplicate: Pit de pollastre sencer 65% cereals
[2025-05-23 13:39:24] 🛑 No products found on page 1. Stopping.
[2025-05-23 13:39:24] 🌐 Visiting: https://www.bonarea-online.com/online/carns?page=1
[2025-05-23 13:39:30] 🔎 Found 24 product(s) in category 'meat'
[2025-05-23 13:39:30] ⚠️ Skipping duplicate: Gaspatxo
[2025-05-23 13:39:30] ⚠️ Skipping duplicate: Salmorejo
[2025-05-23 13:39:31] ⚠️ Skipping duplicate: Gaspatxo bric
[2025-05-23 13:39:31] ⚠️ Skipping duplicate: Salmorejo bric
[2025-05-23 13:39:31] ⚠️ Skipping duplicate: Gaspatxo estil andalús
[2025-05-23 13:39:32] ⚠️ Skipping duplicate: Gaspatxo de maduixa
[2025-05-23 13:39:33] ⚠️ Skipping duplicate: Hummus
[2025-05-23 13:39:33] ⚠️ Skipping duplicate: Cap de llom filetejat a la planxa
[2025-05-23 13:39:34] ⚠️ Skipping duplicate: Conill d'espatlla d'anoll
[2025-05-23 13:39:34] ⚠️ Skipping duplicate: Jarret d'anoll
[2025-05-23 13:39:34] ⚠️ Skipping duplicate: Mixt de bull negre i donegal
[2025-05-23 13:39:35] ⚠️ Skipping duplicate: Càpsules Nescafé Dolce Gusto espresso intens
[2025-05-23 13:39:35] ⚠️ Skipping duplicate: Salmó adults
[2025-05-23 13:39:35] ⚠️ Skipping duplicate: Salmó adults
[2025-05-23 13:39:36] ⚠️ Skipping duplicate: Original adults
[2025-05-23 13:39:36] ⚠️ Skipping duplicate: Original adults
[2025-05-23 13:39:36] ⚠️ Skipping duplicate: Junior 2-12 mesos
[2025-05-23 13:39:36] ⚠️ Skipping duplicate: Junior 2-12 mesos
[2025-05-23 13:39:37] ⚠️ Skipping duplicate: Pit de pollastre groc sencer
[2025-05-23 13:39:37] ⚠️ Skipping duplicate: Pernilets de pollastre groc
[2025-05-23 13:39:37] ⚠️ Skipping duplicate: Pit de pollastre blanc sencer
[2025-05-23 13:39:38] ⚠️ Skipping duplicate: Pernilets de pollastre blanc
[2025-05-23 13:39:38] ⚠️ Skipping duplicate: Pit de pollastre groc filetejat
[2025-05-23 13:39:38] ⚠️ Skipping duplicate: Pit de pollastre sencer 65% cereals
[2025-05-23 13:39:38] 🛑 No products found on page 1. Stopping.
[2025-05-23 13:39:39] 🌐 Visiting: https://www.bonarea-online.com/online/ous?page=1
[2025-05-23 13:39:43] 🔎 Found 24 product(s) in category 'eggs'
[2025-05-23 13:39:44] ⚠️ Skipping duplicate: Gaspatxo
[2025-05-23 13:39:44] ⚠️ Skipping duplicate: Salmorejo
[2025-05-23 13:39:44] ⚠️ Skipping duplicate: Gaspatxo bric
[2025-05-23 13:39:44] ⚠️ Skipping duplicate: Salmorejo bric
[2025-05-23 13:39:45] ⚠️ Skipping duplicate: Gaspatxo estil andalús
[2025-05-23 13:39:45] ⚠️ Skipping duplicate: Gaspatxo de maduixa
[2025-05-23 13:39:45] ⚠️ Skipping duplicate: Hummus
[2025-05-23 13:39:45] ⚠️ Skipping duplicate: Cap de llom filetejat a la planxa
[2025-05-23 13:39:46] ⚠️ Skipping duplicate: Conill d'espatlla d'anoll
[2025-05-23 13:39:46] ⚠️ Skipping duplicate: Jarret d'anoll
[2025-05-23 13:39:46] ⚠️ Skipping duplicate: Mixt de bull negre i donegal
[2025-05-23 13:39:47] ⚠️ Skipping duplicate: Càpsules Nescafé Dolce Gusto espresso intens
[2025-05-23 13:39:47] ⚠️ Skipping duplicate: Salmó adults
[2025-05-23 13:39:47] ⚠️ Skipping duplicate: Salmó adults
[2025-05-23 13:39:47] ⚠️ Skipping duplicate: Original adults
[2025-05-23 13:39:48] ⚠️ Skipping duplicate: Original adults
[2025-05-23 13:39:48] ⚠️ Skipping duplicate: Junior 2-12 mesos
[2025-05-23 13:39:48] ⚠️ Skipping duplicate: Junior 2-12 mesos
[2025-05-23 13:39:49] ⚠️ Skipping duplicate: Pit de pollastre groc sencer
[2025-05-23 13:39:49] ⚠️ Skipping duplicate: Pernilets de pollastre groc
[2025-05-23 13:39:49] ⚠️ Skipping duplicate: Pit de pollastre blanc sencer
[2025-05-23 13:39:49] ⚠️ Skipping duplicate: Pernilets de pollastre blanc
[2025-05-23 13:39:50] ⚠️ Skipping duplicate: Pit de pollastre groc filetejat
[2025-05-23 13:39:50] ⚠️ Skipping duplicate: Pit de pollastre sencer 65% cereals
[2025-05-23 13:39:50] 🛑 No products found on page 1. Stopping.
[2025-05-23 13:39:51] 🌐 Visiting: https://www.bonarea-online.com/online/embotits?page=1
[2025-05-23 13:39:58] 🔎 Found 24 product(s) in category 'sausages'
[2025-05-23 13:39:58] ⚠️ Skipping duplicate: Gaspatxo
[2025-05-23 13:39:58] ⚠️ Skipping duplicate: Salmorejo
[2025-05-23 13:39:59] ⚠️ Skipping duplicate: Gaspatxo bric
[2025-05-23 13:39:59] ⚠️ Skipping duplicate: Salmorejo bric
[2025-05-23 13:39:59] ⚠️ Skipping duplicate: Gaspatxo estil andalús
[2025-05-23 13:40:00] ⚠️ Skipping duplicate: Gaspatxo de maduixa
[2025-05-23 13:40:00] ⚠️ Skipping duplicate: Hummus
[2025-05-23 13:40:00] ⚠️ Skipping duplicate: Cap de llom filetejat a la planxa
[2025-05-23 13:40:00] ⚠️ Skipping duplicate: Conill d'espatlla d'anoll
[2025-05-23 13:40:01] ⚠️ Skipping duplicate: Jarret d'anoll
[2025-05-23 13:40:01] ⚠️ Skipping duplicate: Mixt de bull negre i donegal
[2025-05-23 13:40:01] ⚠️ Skipping duplicate: Càpsules Nescafé Dolce Gusto espresso intens
[2025-05-23 13:40:02] ⚠️ Skipping duplicate: Salmó adults
[2025-05-23 13:40:02] ⚠️ Skipping duplicate: Salmó adults
[2025-05-23 13:40:02] ⚠️ Skipping duplicate: Original adults
[2025-05-23 13:40:03] ⚠️ Skipping duplicate: Original adults
[2025-05-23 13:40:03] ⚠️ Skipping duplicate: Junior 2-12 mesos
[2025-05-23 13:40:03] ⚠️ Skipping duplicate: Junior 2-12 mesos
[2025-05-23 13:40:04] ⚠️ Skipping duplicate: Pit de pollastre groc sencer
[2025-05-23 13:40:04] ⚠️ Skipping duplicate: Pernilets de pollastre groc
[2025-05-23 13:40:05] ⚠️ Skipping duplicate: Pit de pollastre blanc sencer
[2025-05-23 13:40:05] ⚠️ Skipping duplicate: Pernilets de pollastre blanc
[2025-05-23 13:40:05] ⚠️ Skipping duplicate: Pit de pollastre groc filetejat
[2025-05-23 13:40:06] ⚠️ Skipping duplicate: Pit de pollastre sencer 65% cereals
[2025-05-23 13:40:06] 🛑 No products found on page 1. Stopping.
[2025-05-23 13:40:06] 🌐 Visiting: https://www.bonarea-online.com/online/peix-i-marisc?page=1
[2025-05-23 13:40:11] 🔎 Found 24 product(s) in category 'fish'
[2025-05-23 13:40:11] ⚠️ Skipping duplicate: Gaspatxo
[2025-05-23 13:40:11] ⚠️ Skipping duplicate: Salmorejo
[2025-05-23 13:40:12] ⚠️ Skipping duplicate: Gaspatxo bric
[2025-05-23 13:40:12] ⚠️ Skipping duplicate: Salmorejo bric
[2025-05-23 13:40:12] ⚠️ Skipping duplicate: Gaspatxo estil andalús
[2025-05-23 13:40:13] ⚠️ Skipping duplicate: Gaspatxo de maduixa
[2025-05-23 13:40:13] ⚠️ Skipping duplicate: Hummus
[2025-05-23 13:40:14] ⚠️ Skipping duplicate: Cap de llom filetejat a la planxa
[2025-05-23 13:40:14] ⚠️ Skipping duplicate: Conill d'espatlla d'anoll
[2025-05-23 13:40:15] ⚠️ Skipping duplicate: Jarret d'anoll
[2025-05-23 13:40:15] ⚠️ Skipping duplicate: Mixt de bull negre i donegal
[2025-05-23 13:40:15] ⚠️ Skipping duplicate: Càpsules Nescafé Dolce Gusto espresso intens
[2025-05-23 13:40:16] ⚠️ Skipping duplicate: Salmó adults
[2025-05-23 13:40:16] ⚠️ Skipping duplicate: Salmó adults
[2025-05-23 13:40:16] ⚠️ Skipping duplicate: Original adults
[2025-05-23 13:40:17] ⚠️ Skipping duplicate: Original adults
[2025-05-23 13:40:17] ⚠️ Skipping duplicate: Junior 2-12 mesos
[2025-05-23 13:40:17] ⚠️ Skipping duplicate: Junior 2-12 mesos
[2025-05-23 13:40:17] ⚠️ Skipping duplicate: Pit de pollastre groc sencer
[2025-05-23 13:40:18] ⚠️ Skipping duplicate: Pernilets de pollastre groc
[2025-05-23 13:40:18] ⚠️ Skipping duplicate: Pit de pollastre blanc sencer
[2025-05-23 13:40:18] ⚠️ Skipping duplicate: Pernilets de pollastre blanc
[2025-05-23 13:40:19] ⚠️ Skipping duplicate: Pit de pollastre groc filetejat
[2025-05-23 13:40:19] ⚠️ Skipping duplicate: Pit de pollastre sencer 65% cereals
[2025-05-23 13:40:19] 🛑 No products found on page 1. Stopping.
[2025-05-23 13:40:20] 🌐 Visiting: https://www.bonarea-online.com/online/fruites?page=1
[2025-05-23 13:40:24] 🔎 Found 24 product(s) in category 'fruits'
[2025-05-23 13:40:24] ⚠️ Skipping duplicate: Gaspatxo
[2025-05-23 13:40:24] ⚠️ Skipping duplicate: Salmorejo
[2025-05-23 13:40:25] ⚠️ Skipping duplicate: Gaspatxo bric
[2025-05-23 13:40:25] ⚠️ Skipping duplicate: Salmorejo bric
[2025-05-23 13:40:25] ⚠️ Skipping duplicate: Gaspatxo estil andalús
[2025-05-23 13:40:26] ⚠️ Skipping duplicate: Gaspatxo de maduixa
[2025-05-23 13:40:26] ⚠️ Skipping duplicate: Hummus
[2025-05-23 13:40:26] ⚠️ Skipping duplicate: Cap de llom filetejat a la planxa
[2025-05-23 13:40:27] ⚠️ Skipping duplicate: Conill d'espatlla d'anoll
[2025-05-23 13:40:27] ⚠️ Skipping duplicate: Jarret d'anoll
[2025-05-23 13:40:27] ⚠️ Skipping duplicate: Mixt de bull negre i donegal
[2025-05-23 13:40:27] ⚠️ Skipping duplicate: Càpsules Nescafé Dolce Gusto espresso intens
[2025-05-23 13:40:28] ⚠️ Skipping duplicate: Salmó adults
[2025-05-23 13:40:28] ⚠️ Skipping duplicate: Salmó adults
[2025-05-23 13:40:29] ⚠️ Skipping duplicate: Original adults
[2025-05-23 13:40:29] ⚠️ Skipping duplicate: Original adults
[2025-05-23 13:40:29] ⚠️ Skipping duplicate: Junior 2-12 mesos
[2025-05-23 13:40:30] ⚠️ Skipping duplicate: Junior 2-12 mesos
[2025-05-23 13:40:30] ⚠️ Skipping duplicate: Pit de pollastre groc sencer
[2025-05-23 13:40:31] ⚠️ Skipping duplicate: Pernilets de pollastre groc
[2025-05-23 13:40:31] ⚠️ Skipping duplicate: Pit de pollastre blanc sencer
[2025-05-23 13:40:31] ⚠️ Skipping duplicate: Pernilets de pollastre blanc
[2025-05-23 13:40:31] ⚠️ Skipping duplicate: Pit de pollastre groc filetejat
[2025-05-23 13:40:32] ⚠️ Skipping duplicate: Pit de pollastre sencer 65% cereals
[2025-05-23 13:40:32] 🛑 No products found on page 1. Stopping.
[2025-05-23 13:40:32] 🌐 Visiting: https://www.bonarea-online.com/online/verdures?page=1
[2025-05-23 13:40:41] 🔎 Found 24 product(s) in category 'vegetables'
[2025-05-23 13:40:41] ⚠️ Skipping duplicate: Gaspatxo
[2025-05-23 13:40:42] ⚠️ Skipping duplicate: Salmorejo
[2025-05-23 13:40:42] ⚠️ Skipping duplicate: Gaspatxo bric
[2025-05-23 13:40:42] ⚠️ Skipping duplicate: Salmorejo bric
[2025-05-23 13:40:42] ⚠️ Skipping duplicate: Gaspatxo estil andalús
[2025-05-23 13:40:43] ⚠️ Skipping duplicate: Gaspatxo de maduixa
[2025-05-23 13:40:43] ⚠️ Skipping duplicate: Hummus
[2025-05-23 13:40:43] ⚠️ Skipping duplicate: Cap de llom filetejat a la planxa
[2025-05-23 13:40:43] ⚠️ Skipping duplicate: Conill d'espatlla d'anoll
[2025-05-23 13:40:44] ⚠️ Skipping duplicate: Jarret d'anoll
[2025-05-23 13:40:44] ⚠️ Skipping duplicate: Mixt de bull negre i donegal
[2025-05-23 13:40:45] ⚠️ Skipping duplicate: Càpsules Nescafé Dolce Gusto espresso intens
[2025-05-23 13:40:45] ⚠️ Skipping duplicate: Salmó adults
[2025-05-23 13:40:45] ⚠️ Skipping duplicate: Salmó adults
[2025-05-23 13:40:46] ⚠️ Skipping duplicate: Original adults
[2025-05-23 13:40:46] ⚠️ Skipping duplicate: Original adults
[2025-05-23 13:40:46] ⚠️ Skipping duplicate: Junior 2-12 mesos
[2025-05-23 13:40:47] ⚠️ Skipping duplicate: Junior 2-12 mesos
[2025-05-23 13:40:47] ⚠️ Skipping duplicate: Pit de pollastre groc sencer
[2025-05-23 13:40:47] ⚠️ Skipping duplicate: Pernilets de pollastre groc
[2025-05-23 13:40:47] ⚠️ Skipping duplicate: Pit de pollastre blanc sencer
[2025-05-23 13:40:48] ⚠️ Skipping duplicate: Pernilets de pollastre blanc
[2025-05-23 13:40:48] ⚠️ Skipping duplicate: Pit de pollastre groc filetejat
[2025-05-23 13:40:48] ⚠️ Skipping duplicate: Pit de pollastre sencer 65% cereals
[2025-05-23 13:40:48] 🛑 No products found on page 1. Stopping.
[2025-05-23 14:17:18] Attempting to insert product: {'name': 'Filetes de lomo de cerdo', 'price': 3.15, 'category': 'general', 'store_id': 'aldi_es', 'quantity': '1 unit'}
[2025-05-23 14:17:20] Supabase Response: data=[{'name': 'Filetes de lomo de cerdo', 'price': 3.15, 'category': 'general', 'store_id': 'aldi_es', 'quantity': '1 unit', 'id': '5c511e18-fcae-490e-8e20-0587abe4df03', 'created_at': '2025-05-23T11:17:20.571384'}] count=None
[2025-05-23 14:17:20] ✅ Successfully inserted: Filetes de lomo de cerdo
[2025-05-23 14:17:20] Attempting to insert product: {'name': 'Pechuga entera de pollo', 'price': 2.95, 'category': 'general', 'store_id': 'aldi_es', 'quantity': '1 unit'}
[2025-05-23 14:17:20] Supabase Response: data=[{'name': 'Pechuga entera de pollo', 'price': 2.95, 'category': 'general', 'store_id': 'aldi_es', 'quantity': '1 unit', 'id': '6ac6299a-962c-4cec-af2a-fdd9970509c6', 'created_at': '2025-05-23T11:17:21.200113'}] count=None
[2025-05-23 14:17:20] ✅ Successfully inserted: Pechuga entera de pollo
[2025-05-23 14:17:20] Attempting to insert product: {'name': 'Entrecot de vacuno', 'price': 7.15, 'category': 'general', 'store_id': 'aldi_es', 'quantity': '1 unit'}
[2025-05-23 14:17:21] Supabase Response: data=[{'name': 'Entrecot de vacuno', 'price': 7.15, 'category': 'general', 'store_id': 'aldi_es', 'quantity': '1 unit', 'id': '5f16feb9-f760-4f4d-b7d5-31bd61bc0478', 'created_at': '2025-05-23T11:17:21.828585'}] count=None
[2025-05-23 14:17:21] ✅ Successfully inserted: Entrecot de vacuno
[2025-05-23 14:17:21] Attempting to insert product: {'name': 'Chuletas de pavo adobadas al ajillo', 'price': 3.55, 'category': 'general', 'store_id': 'aldi_es', 'quantity': '1 unit'}
[2025-05-23 14:17:22] Supabase Response: data=[{'name': 'Chuletas de pavo adobadas al ajillo', 'price': 3.55, 'category': 'general', 'store_id': 'aldi_es', 'quantity': '1 unit', 'id': 'a22e28c1-4e9b-4646-be2f-0105cca2fe3c', 'created_at': '2025-05-23T11:17:22.485792'}] count=None
[2025-05-23 14:17:22] ✅ Successfully inserted: Chuletas de pavo adobadas al ajillo
[2025-05-23 14:17:22] Attempting to insert product: {'name': 'Saco de dormir de muselina', 'price': 7.99, 'category': 'general', 'store_id': 'aldi_es', 'quantity': '1 unit'}
[2025-05-23 14:17:22] Supabase Response: data=[{'name': 'Saco de dormir de muselina', 'price': 7.99, 'category': 'general', 'store_id': 'aldi_es', 'quantity': '1 unit', 'id': 'e650028a-c5c6-4c69-881b-8394f37b1008', 'created_at': '2025-05-23T11:17:22.924457'}] count=None
[2025-05-23 14:17:22] ✅ Successfully inserted: Saco de dormir de muselina
[2025-05-23 14:17:22] Attempting to insert product: {'name': 'Conjunto', 'price': 5.99, 'category': 'general', 'store_id': 'aldi_es', 'quantity': '1 unit'}
[2025-05-23 14:17:23] Supabase Response: data=[{'name': 'Conjunto', 'price': 5.99, 'category': 'general', 'store_id': 'aldi_es', 'quantity': '1 unit', 'id': 'c382b4f0-8d0a-4366-b99e-6ae23e166cfd', 'created_at': '2025-05-23T11:17:23.582031'}] count=None
[2025-05-23 14:17:23] ✅ Successfully inserted: Conjunto
[2025-05-23 14:17:23] Attempting to insert product: {'name': 'Gorra / Sombrero / Baberos de muselina', 'price': 3.99, 'category': 'general', 'store_id': 'aldi_es', 'quantity': '1 unit'}
[2025-05-23 14:17:23] Supabase Response: data=[{'name': 'Gorra / Sombrero / Baberos de muselina', 'price': 3.99, 'category': 'general', 'store_id': 'aldi_es', 'quantity': '1 unit', 'id': 'ced10ff4-8236-41ad-b0ca-c85e85567e2b', 'created_at': '2025-05-23T11:17:23.921684'}] count=None
[2025-05-23 14:17:23] ✅ Successfully inserted: Gorra / Sombrero / Baberos de muselina
[2025-05-23 14:17:23] Attempting to insert product: {'name': 'Peluche', 'price': 7.99, 'category': 'general', 'store_id': 'aldi_es', 'quantity': '1 unit'}
[2025-05-23 14:17:23] Supabase Response: data=[{'name': 'Peluche', 'price': 7.99, 'category': 'general', 'store_id': 'aldi_es', 'quantity': '1 unit', 'id': 'b2d13516-292e-4a44-9aeb-3c5bfd971b40', 'created_at': '2025-05-23T11:17:24.307301'}] count=None
[2025-05-23 14:17:23] ✅ Successfully inserted: Peluche
[2025-05-23 14:17:45] Attempting to insert product: {'name': 'Filetes de lomo de cerdo', 'price': 3.15, 'category': 'general', 'store_id': 'aldi_es', 'quantity': '1 unit'}
[2025-05-23 14:17:46] Supabase Response: data=[{'name': 'Filetes de lomo de cerdo', 'price': 3.15, 'category': 'general', 'store_id': 'aldi_es', 'quantity': '1 unit', 'id': '7f2f1e44-d2c5-444b-99f7-bd5a906b8ff8', 'created_at': '2025-05-23T11:17:47.301132'}] count=None
[2025-05-23 14:17:46] ✅ Successfully inserted: Filetes de lomo de cerdo
[2025-05-23 14:17:46] Attempting to insert product: {'name': 'Pechuga entera de pollo', 'price': 2.95, 'category': 'general', 'store_id': 'aldi_es', 'quantity': '1 unit'}
[2025-05-23 14:17:47] Supabase Response: data=[{'name': 'Pechuga entera de pollo', 'price': 2.95, 'category': 'general', 'store_id': 'aldi_es', 'quantity': '1 unit', 'id': '39368598-f6b8-4ffd-819a-c33adba5d466', 'created_at': '2025-05-23T11:17:47.928974'}] count=None
[2025-05-23 14:17:47] ✅ Successfully inserted: Pechuga entera de pollo
[2025-05-23 14:17:47] Attempting to insert product: {'name': 'Entrecot de vacuno', 'price': 7.15, 'category': 'general', 'store_id': 'aldi_es', 'quantity': '1 unit'}
[2025-05-23 14:17:48] Supabase Response: data=[{'name': 'Entrecot de vacuno', 'price': 7.15, 'category': 'general', 'store_id': 'aldi_es', 'quantity': '1 unit', 'id': 'c656f53e-e6bc-4ffc-8195-ed1319a65794', 'created_at': '2025-05-23T11:17:48.559436'}] count=None
[2025-05-23 14:17:48] ✅ Successfully inserted: Entrecot de vacuno
[2025-05-23 14:17:48] Attempting to insert product: {'name': 'Chuletas de pavo adobadas al ajillo', 'price': 3.55, 'category': 'general', 'store_id': 'aldi_es', 'quantity': '1 unit'}
[2025-05-23 14:17:48] Supabase Response: data=[{'name': 'Chuletas de pavo adobadas al ajillo', 'price': 3.55, 'category': 'general', 'store_id': 'aldi_es', 'quantity': '1 unit', 'id': '3bc10692-4f2d-4e12-9e59-eaef995fbe88', 'created_at': '2025-05-23T11:17:49.249793'}] count=None
[2025-05-23 14:17:48] ✅ Successfully inserted: Chuletas de pavo adobadas al ajillo
[2025-05-23 14:17:48] Attempting to insert product: {'name': 'Saco de dormir de muselina', 'price': 7.99, 'category': 'general', 'store_id': 'aldi_es', 'quantity': '1 unit'}
[2025-05-23 14:17:49] Supabase Response: data=[{'name': 'Saco de dormir de muselina', 'price': 7.99, 'category': 'general', 'store_id': 'aldi_es', 'quantity': '1 unit', 'id': 'e05ff821-2edb-4521-8ff2-409f8c2f579c', 'created_at': '2025-05-23T11:17:49.955309'}] count=None
[2025-05-23 14:17:49] ✅ Successfully inserted: Saco de dormir de muselina
[2025-05-23 14:17:49] Attempting to insert product: {'name': 'Conjunto', 'price': 5.99, 'category': 'general', 'store_id': 'aldi_es', 'quantity': '1 unit'}
[2025-05-23 14:17:50] Supabase Response: data=[{'name': 'Conjunto', 'price': 5.99, 'category': 'general', 'store_id': 'aldi_es', 'quantity': '1 unit', 'id': '4fa2f94f-5173-4eba-a0cd-971261010bd0', 'created_at': '2025-05-23T11:17:50.369693'}] count=None
[2025-05-23 14:17:50] ✅ Successfully inserted: Conjunto
[2025-05-23 14:17:50] Attempting to insert product: {'name': 'Gorra / Sombrero / Baberos de muselina', 'price': 3.99, 'category': 'general', 'store_id': 'aldi_es', 'quantity': '1 unit'}
[2025-05-23 14:17:50] Supabase Response: data=[{'name': 'Gorra / Sombrero / Baberos de muselina', 'price': 3.99, 'category': 'general', 'store_id': 'aldi_es', 'quantity': '1 unit', 'id': '2305e3ef-4227-4b78-982b-961a5dd6be08', 'created_at': '2025-05-23T11:17:50.833843'}] count=None
[2025-05-23 14:17:50] ✅ Successfully inserted: Gorra / Sombrero / Baberos de muselina
[2025-05-23 14:17:50] Attempting to insert product: {'name': 'Peluche', 'price': 7.99, 'category': 'general', 'store_id': 'aldi_es', 'quantity': '1 unit'}
[2025-05-23 14:17:50] Supabase Response: data=[{'name': 'Peluche', 'price': 7.99, 'category': 'general', 'store_id': 'aldi_es', 'quantity': '1 unit', 'id': '5ed9da45-6d56-4685-8053-4700288160c6', 'created_at': '2025-05-23T11:17:51.259517'}] count=None
[2025-05-23 14:17:50] ✅ Successfully inserted: Peluche
[2025-05-23 14:21:12] ✅ Aldi homepage loaded.
[2025-05-23 14:21:13] 🍪 Cookie popup accepted.
[2025-05-23 14:21:15] 🔄 Scroll 1/15 complete
[2025-05-23 14:21:17] 🔍 Found 8 products on page.
[2025-05-23 14:21:17] Attempting to insert product: {'name': 'Filetes de lomo de cerdo', 'price': 3.15, 'category': 'general', 'store_id': 'aldi', 'quantity': '1 unit'}
[2025-05-23 14:21:18] Supabase Response: data=[{'name': 'Filetes de lomo de cerdo', 'price': 3.15, 'category': 'general', 'store_id': 'aldi', 'quantity': '1 unit', 'id': '2094ca8c-3c53-488a-ab1b-3da4be35ecd4', 'created_at': '2025-05-23T11:21:18.959857'}] count=None
[2025-05-23 14:21:18] ✅ Successfully inserted: Filetes de lomo de cerdo
[2025-05-23 14:21:18] ✅ Inserted: Filetes de lomo de cerdo — 3.15€
[2025-05-23 14:21:18] Attempting to insert product: {'name': 'Pechuga entera de pollo', 'price': 2.95, 'category': 'general', 'store_id': 'aldi', 'quantity': '1 unit'}
[2025-05-23 14:21:18] Supabase Response: data=[{'name': 'Pechuga entera de pollo', 'price': 2.95, 'category': 'general', 'store_id': 'aldi', 'quantity': '1 unit', 'id': 'c8cc7061-0457-4693-bd5d-cff23897fbbd', 'created_at': '2025-05-23T11:21:19.365753'}] count=None
[2025-05-23 14:21:18] ✅ Successfully inserted: Pechuga entera de pollo
[2025-05-23 14:21:18] ✅ Inserted: Pechuga entera de pollo — 2.95€
[2025-05-23 14:21:18] Attempting to insert product: {'name': 'Entrecot de vacuno', 'price': 7.15, 'category': 'general', 'store_id': 'aldi', 'quantity': '1 unit'}
[2025-05-23 14:21:19] Supabase Response: data=[{'name': 'Entrecot de vacuno', 'price': 7.15, 'category': 'general', 'store_id': 'aldi', 'quantity': '1 unit', 'id': '76605163-cd22-4574-afe7-37fb0bd096c4', 'created_at': '2025-05-23T11:21:20.058871'}] count=None
[2025-05-23 14:21:19] ✅ Successfully inserted: Entrecot de vacuno
[2025-05-23 14:21:19] ✅ Inserted: Entrecot de vacuno — 7.15€
[2025-05-23 14:21:19] Attempting to insert product: {'name': 'Chuletas de pavo adobadas al ajillo', 'price': 3.55, 'category': 'general', 'store_id': 'aldi', 'quantity': '1 unit'}
[2025-05-23 14:21:20] Supabase Response: data=[{'name': 'Chuletas de pavo adobadas al ajillo', 'price': 3.55, 'category': 'general', 'store_id': 'aldi', 'quantity': '1 unit', 'id': '5ac9d47a-7950-4e0c-9191-9174edae8420', 'created_at': '2025-05-23T11:21:20.460106'}] count=None
[2025-05-23 14:21:20] ✅ Successfully inserted: Chuletas de pavo adobadas al ajillo
[2025-05-23 14:21:20] ✅ Inserted: Chuletas de pavo adobadas al ajillo — 3.55€
[2025-05-23 14:21:20] Attempting to insert product: {'name': 'Saco de dormir de muselina', 'price': 7.99, 'category': 'general', 'store_id': 'aldi', 'quantity': '1 unit'}
[2025-05-23 14:21:20] Supabase Response: data=[{'name': 'Saco de dormir de muselina', 'price': 7.99, 'category': 'general', 'store_id': 'aldi', 'quantity': '1 unit', 'id': 'a000fc6e-4183-49bc-a868-d57275ec5bbe', 'created_at': '2025-05-23T11:21:20.875112'}] count=None
[2025-05-23 14:21:20] ✅ Successfully inserted: Saco de dormir de muselina
[2025-05-23 14:21:20] ✅ Inserted: Saco de dormir de muselina — 7.99€
[2025-05-23 14:21:20] Attempting to insert product: {'name': 'Conjunto', 'price': 5.99, 'category': 'general', 'store_id': 'aldi', 'quantity': '1 unit'}
[2025-05-23 14:21:20] Supabase Response: data=[{'name': 'Conjunto', 'price': 5.99, 'category': 'general', 'store_id': 'aldi', 'quantity': '1 unit', 'id': 'cd89f9ea-1417-4370-bba1-9d209f3504c7', 'created_at': '2025-05-23T11:21:21.276356'}] count=None
[2025-05-23 14:21:20] ✅ Successfully inserted: Conjunto
[2025-05-23 14:21:20] ✅ Inserted: Conjunto — 5.99€
[2025-05-23 14:21:20] Attempting to insert product: {'name': 'Gorra / Sombrero / Baberos de muselina', 'price': 3.99, 'category': 'general', 'store_id': 'aldi', 'quantity': '1 unit'}
[2025-05-23 14:21:21] Supabase Response: data=[{'name': 'Gorra / Sombrero / Baberos de muselina', 'price': 3.99, 'category': 'general', 'store_id': 'aldi', 'quantity': '1 unit', 'id': 'c9e394dd-3d5b-41b5-aebc-667b24124330', 'created_at': '2025-05-23T11:21:21.694447'}] count=None
[2025-05-23 14:21:21] ✅ Successfully inserted: Gorra / Sombrero / Baberos de muselina
[2025-05-23 14:21:21] ✅ Inserted: Gorra / Sombrero / Baberos de muselina — 3.99€
[2025-05-23 14:21:21] Attempting to insert product: {'name': 'Peluche', 'price': 7.99, 'category': 'general', 'store_id': 'aldi', 'quantity': '1 unit'}
[2025-05-23 14:21:21] Supabase Response: data=[{'name': 'Peluche', 'price': 7.99, 'category': 'general', 'store_id': 'aldi', 'quantity': '1 unit', 'id': '466dfb96-802e-4729-b926-9f1f51f5518c', 'created_at': '2025-05-23T11:21:22.14036'}] count=None
[2025-05-23 14:21:21] ✅ Successfully inserted: Peluche
[2025-05-23 14:21:21] ✅ Inserted: Peluche — 7.99€
[2025-05-24 18:06:22] 🌐 Visiting: https://www.bonarea-online.com/online/begudes?page=1
[2025-05-24 18:06:30] 🔎 Found 24 product(s) in category 'drinks'
[2025-05-24 18:06:31] ⚠️ Skipping duplicate: Gaspatxo
[2025-05-24 18:06:32] ⚠️ Skipping duplicate: Salmorejo
[2025-05-24 18:06:32] ⚠️ Skipping duplicate: Gaspatxo bric
[2025-05-24 18:06:33] ⚠️ Skipping duplicate: Salmorejo bric
[2025-05-24 18:06:33] ⚠️ Skipping duplicate: Gaspatxo estil andalús
[2025-05-24 18:06:34] ⚠️ Skipping duplicate: Gaspatxo de maduixa
[2025-05-24 18:06:34] ⚠️ Skipping duplicate: Hummus
[2025-05-24 18:06:35] ⚠️ Skipping duplicate: Cap de llom filetejat a la planxa
[2025-05-24 18:06:35] ⚠️ Skipping duplicate: Conill d'espatlla d'anoll
[2025-05-24 18:06:36] ⚠️ Skipping duplicate: Jarret d'anoll
[2025-05-24 18:06:36] ⚠️ Skipping duplicate: Mixt de bull negre i donegal
[2025-05-24 18:06:37] ⚠️ Skipping duplicate: Càpsules Nescafé Dolce Gusto espresso intens
[2025-05-24 18:06:37] ⚠️ Skipping duplicate: Salmó adults
[2025-05-24 18:06:38] ⚠️ Skipping duplicate: Salmó adults
[2025-05-24 18:06:38] ⚠️ Skipping duplicate: Original adults
[2025-05-24 18:06:39] ⚠️ Skipping duplicate: Original adults
[2025-05-24 18:06:39] ⚠️ Skipping duplicate: Junior 2-12 mesos
[2025-05-24 18:06:39] ⚠️ Skipping duplicate: Junior 2-12 mesos
[2025-05-24 18:06:40] ⚠️ Skipping duplicate: Pit de pollastre groc sencer
[2025-05-24 18:06:40] ⚠️ Skipping duplicate: Pernilets de pollastre groc
[2025-05-24 18:06:40] ⚠️ Skipping duplicate: Pit de pollastre blanc sencer
[2025-05-24 18:06:41] ⚠️ Skipping duplicate: Pernilets de pollastre blanc
[2025-05-24 18:06:41] ⚠️ Skipping duplicate: Pit de pollastre groc filetejat
[2025-05-24 18:06:42] ⚠️ Skipping duplicate: Pit de pollastre sencer 65% cereals
[2025-05-24 18:06:42] 🛑 No products found on page 1. Stopping.
[2025-05-24 18:06:43] 🌐 Visiting: https://www.bonarea-online.com/online/dolcos?page=1
[2025-05-24 18:06:47] 🔎 Found 24 product(s) in category 'sweets'
[2025-05-24 18:06:48] ⚠️ Skipping duplicate: Gaspatxo
[2025-05-24 18:06:48] ⚠️ Skipping duplicate: Salmorejo
[2025-05-24 18:06:49] ⚠️ Skipping duplicate: Gaspatxo bric
[2025-05-24 18:06:50] ⚠️ Skipping duplicate: Salmorejo bric
[2025-05-24 18:06:50] ⚠️ Skipping duplicate: Gaspatxo estil andalús
[2025-05-24 18:06:51] ⚠️ Skipping duplicate: Gaspatxo de maduixa
[2025-05-24 18:06:51] ⚠️ Skipping duplicate: Hummus
[2025-05-24 18:06:51] ⚠️ Skipping duplicate: Cap de llom filetejat a la planxa
[2025-05-24 18:06:52] ⚠️ Skipping duplicate: Conill d'espatlla d'anoll
[2025-05-24 18:06:52] ⚠️ Skipping duplicate: Jarret d'anoll
[2025-05-24 18:06:52] ⚠️ Skipping duplicate: Mixt de bull negre i donegal
[2025-05-24 18:06:53] ⚠️ Skipping duplicate: Càpsules Nescafé Dolce Gusto espresso intens
[2025-05-24 18:06:53] ⚠️ Skipping duplicate: Salmó adults
[2025-05-24 18:06:54] ⚠️ Skipping duplicate: Salmó adults
[2025-05-24 18:06:54] ⚠️ Skipping duplicate: Original adults
[2025-05-24 18:06:54] ⚠️ Skipping duplicate: Original adults
[2025-05-24 18:06:55] ⚠️ Skipping duplicate: Junior 2-12 mesos
[2025-05-24 18:06:55] ⚠️ Skipping duplicate: Junior 2-12 mesos
[2025-05-24 18:06:55] ⚠️ Skipping duplicate: Pit de pollastre groc sencer
[2025-05-24 18:06:56] ⚠️ Skipping duplicate: Pernilets de pollastre groc
[2025-05-24 18:06:56] ⚠️ Skipping duplicate: Pit de pollastre blanc sencer
[2025-05-24 18:06:56] ⚠️ Skipping duplicate: Pernilets de pollastre blanc
[2025-05-24 18:06:57] ⚠️ Skipping duplicate: Pit de pollastre groc filetejat
[2025-05-24 18:06:57] ⚠️ Skipping duplicate: Pit de pollastre sencer 65% cereals
[2025-05-24 18:06:57] 🛑 No products found on page 1. Stopping.
[2025-05-24 18:06:58] 🌐 Visiting: https://www.bonarea-online.com/online/congelats?page=1
[2025-05-24 18:07:03] 🔎 Found 24 product(s) in category 'frozen'
[2025-05-24 18:07:03] ⚠️ Skipping duplicate: Gaspatxo
[2025-05-24 18:07:04] ⚠️ Skipping duplicate: Salmorejo
[2025-05-24 18:07:04] ⚠️ Skipping duplicate: Gaspatxo bric
[2025-05-24 18:07:05] ⚠️ Skipping duplicate: Salmorejo bric
[2025-05-24 18:07:05] ⚠️ Skipping duplicate: Gaspatxo estil andalús
[2025-05-24 18:07:05] ⚠️ Skipping duplicate: Gaspatxo de maduixa
[2025-05-24 18:07:06] ⚠️ Skipping duplicate: Hummus
[2025-05-24 18:07:06] ⚠️ Skipping duplicate: Cap de llom filetejat a la planxa
[2025-05-24 18:07:06] ⚠️ Skipping duplicate: Conill d'espatlla d'anoll
[2025-05-24 18:07:07] ⚠️ Skipping duplicate: Jarret d'anoll
[2025-05-24 18:07:07] ⚠️ Skipping duplicate: Mixt de bull negre i donegal
[2025-05-24 18:07:07] ⚠️ Skipping duplicate: Càpsules Nescafé Dolce Gusto espresso intens
[2025-05-24 18:07:08] ⚠️ Skipping duplicate: Salmó adults
[2025-05-24 18:07:08] ⚠️ Skipping duplicate: Salmó adults
[2025-05-24 18:07:08] ⚠️ Skipping duplicate: Original adults
[2025-05-24 18:07:09] ⚠️ Skipping duplicate: Original adults
[2025-05-24 18:07:09] ⚠️ Skipping duplicate: Junior 2-12 mesos
[2025-05-24 18:07:09] ⚠️ Skipping duplicate: Junior 2-12 mesos
[2025-05-24 18:07:10] ⚠️ Skipping duplicate: Pit de pollastre groc sencer
[2025-05-24 18:07:10] ⚠️ Skipping duplicate: Pernilets de pollastre groc
[2025-05-24 18:07:10] ⚠️ Skipping duplicate: Pit de pollastre blanc sencer
[2025-05-24 18:07:11] ⚠️ Skipping duplicate: Pernilets de pollastre blanc
[2025-05-24 18:07:11] ⚠️ Skipping duplicate: Pit de pollastre groc filetejat
[2025-05-24 18:07:11] ⚠️ Skipping duplicate: Pit de pollastre sencer 65% cereals
[2025-05-24 18:07:11] 🛑 No products found on page 1. Stopping.
[2025-05-24 18:07:12] 🌐 Visiting: https://www.bonarea-online.com/online/neteja-llar?page=1
[2025-05-24 18:07:17] 🔎 Found 24 product(s) in category 'cleaning'
[2025-05-24 18:07:18] ⚠️ Skipping duplicate: Gaspatxo
[2025-05-24 18:07:19] ⚠️ Skipping duplicate: Salmorejo
[2025-05-24 18:07:19] ⚠️ Skipping duplicate: Gaspatxo bric
[2025-05-24 18:07:19] ⚠️ Skipping duplicate: Salmorejo bric
[2025-05-24 18:07:20] ⚠️ Skipping duplicate: Gaspatxo estil andalús
[2025-05-24 18:07:20] ⚠️ Skipping duplicate: Gaspatxo de maduixa
[2025-05-24 18:07:21] ⚠️ Skipping duplicate: Hummus
[2025-05-24 18:07:21] ⚠️ Skipping duplicate: Cap de llom filetejat a la planxa
[2025-05-24 18:07:22] ⚠️ Skipping duplicate: Conill d'espatlla d'anoll
[2025-05-24 18:07:22] ⚠️ Skipping duplicate: Jarret d'anoll
[2025-05-24 18:07:22] ⚠️ Skipping duplicate: Mixt de bull negre i donegal
[2025-05-24 18:07:23] ⚠️ Skipping duplicate: Càpsules Nescafé Dolce Gusto espresso intens
[2025-05-24 18:07:23] ⚠️ Skipping duplicate: Salmó adults
[2025-05-24 18:07:23] ⚠️ Skipping duplicate: Salmó adults
[2025-05-24 18:07:24] ⚠️ Skipping duplicate: Original adults
[2025-05-24 18:07:25] ⚠️ Skipping duplicate: Original adults
[2025-05-24 18:07:25] ⚠️ Skipping duplicate: Junior 2-12 mesos
[2025-05-24 18:07:25] ⚠️ Skipping duplicate: Junior 2-12 mesos
[2025-05-24 18:07:26] ⚠️ Skipping duplicate: Pit de pollastre groc sencer
[2025-05-24 18:07:26] ⚠️ Skipping duplicate: Pernilets de pollastre groc
[2025-05-24 18:07:26] ⚠️ Skipping duplicate: Pit de pollastre blanc sencer
[2025-05-24 18:07:27] ⚠️ Skipping duplicate: Pernilets de pollastre blanc
[2025-05-24 18:07:27] ⚠️ Skipping duplicate: Pit de pollastre groc filetejat
[2025-05-24 18:07:27] ⚠️ Skipping duplicate: Pit de pollastre sencer 65% cereals
[2025-05-24 18:07:27] 🛑 No products found on page 1. Stopping.
[2025-05-24 18:07:28] 🌐 Visiting: https://www.bonarea-online.com/online/alimentacio-infantil?page=1
[2025-05-24 18:07:33] 🔎 Found 24 product(s) in category 'baby'
[2025-05-24 18:07:33] ⚠️ Skipping duplicate: Gaspatxo
[2025-05-24 18:07:34] ⚠️ Skipping duplicate: Salmorejo
[2025-05-24 18:07:34] ⚠️ Skipping duplicate: Gaspatxo bric
[2025-05-24 18:07:34] ⚠️ Skipping duplicate: Salmorejo bric
[2025-05-24 18:07:35] ⚠️ Skipping duplicate: Gaspatxo estil andalús
[2025-05-24 18:07:35] ⚠️ Skipping duplicate: Gaspatxo de maduixa
[2025-05-24 18:07:35] ⚠️ Skipping duplicate: Hummus
[2025-05-24 18:07:36] ⚠️ Skipping duplicate: Cap de llom filetejat a la planxa
[2025-05-24 18:07:36] ⚠️ Skipping duplicate: Conill d'espatlla d'anoll
[2025-05-24 18:07:36] ⚠️ Skipping duplicate: Jarret d'anoll
[2025-05-24 18:07:37] ⚠️ Skipping duplicate: Mixt de bull negre i donegal
[2025-05-24 18:07:37] ⚠️ Skipping duplicate: Càpsules Nescafé Dolce Gusto espresso intens
[2025-05-24 18:07:38] ⚠️ Skipping duplicate: Salmó adults
[2025-05-24 18:07:38] ⚠️ Skipping duplicate: Salmó adults
[2025-05-24 18:07:38] ⚠️ Skipping duplicate: Original adults
[2025-05-24 18:07:39] ⚠️ Skipping duplicate: Original adults
[2025-05-24 18:07:39] ⚠️ Skipping duplicate: Junior 2-12 mesos
[2025-05-24 18:07:39] ⚠️ Skipping duplicate: Junior 2-12 mesos
[2025-05-24 18:07:39] ⚠️ Skipping duplicate: Pit de pollastre groc sencer
[2025-05-24 18:07:40] ⚠️ Skipping duplicate: Pernilets de pollastre groc
[2025-05-24 18:07:40] ⚠️ Skipping duplicate: Pit de pollastre blanc sencer
[2025-05-24 18:07:40] ⚠️ Skipping duplicate: Pernilets de pollastre blanc
[2025-05-24 18:07:41] ⚠️ Skipping duplicate: Pit de pollastre groc filetejat
[2025-05-24 18:07:41] ⚠️ Skipping duplicate: Pit de pollastre sencer 65% cereals
[2025-05-24 18:07:41] 🛑 No products found on page 1. Stopping.
[2025-05-24 18:07:42] 🌐 Visiting: https://www.bonarea-online.com/online/carns?page=1
[2025-05-24 18:07:46] 🔎 Found 24 product(s) in category 'meat'
[2025-05-24 18:07:47] ⚠️ Skipping duplicate: Gaspatxo
[2025-05-24 18:07:47] ⚠️ Skipping duplicate: Salmorejo
[2025-05-24 18:07:48] ⚠️ Skipping duplicate: Gaspatxo bric
[2025-05-24 18:07:48] ⚠️ Skipping duplicate: Salmorejo bric
[2025-05-24 18:07:48] ⚠️ Skipping duplicate: Gaspatxo estil andalús
[2025-05-24 18:07:49] ⚠️ Skipping duplicate: Gaspatxo de maduixa
[2025-05-24 18:07:49] ⚠️ Skipping duplicate: Hummus
[2025-05-24 18:07:49] ⚠️ Skipping duplicate: Cap de llom filetejat a la planxa
[2025-05-24 18:07:50] ⚠️ Skipping duplicate: Conill d'espatlla d'anoll
[2025-05-24 18:07:50] ⚠️ Skipping duplicate: Jarret d'anoll
[2025-05-24 18:07:50] ⚠️ Skipping duplicate: Mixt de bull negre i donegal
[2025-05-24 18:07:51] ⚠️ Skipping duplicate: Càpsules Nescafé Dolce Gusto espresso intens
[2025-05-24 18:07:51] ⚠️ Skipping duplicate: Salmó adults
[2025-05-24 18:07:52] ⚠️ Skipping duplicate: Salmó adults
[2025-05-24 18:07:52] ⚠️ Skipping duplicate: Original adults
[2025-05-24 18:07:52] ⚠️ Skipping duplicate: Original adults
[2025-05-24 18:07:53] ⚠️ Skipping duplicate: Junior 2-12 mesos
[2025-05-24 18:07:53] ⚠️ Skipping duplicate: Junior 2-12 mesos
[2025-05-24 18:07:53] ⚠️ Skipping duplicate: Pit de pollastre groc sencer
[2025-05-24 18:07:54] ⚠️ Skipping duplicate: Pernilets de pollastre groc
[2025-05-24 18:07:54] ⚠️ Skipping duplicate: Pit de pollastre blanc sencer
[2025-05-24 18:07:54] ⚠️ Skipping duplicate: Pernilets de pollastre blanc
[2025-05-24 18:07:55] ⚠️ Skipping duplicate: Pit de pollastre groc filetejat
[2025-05-24 18:07:55] ⚠️ Skipping duplicate: Pit de pollastre sencer 65% cereals
[2025-05-24 18:07:55] 🛑 No products found on page 1. Stopping.
[2025-05-24 18:07:57] 🌐 Visiting: https://www.bonarea-online.com/online/ous?page=1
[2025-05-24 18:08:01] 🔎 Found 24 product(s) in category 'eggs'
[2025-05-24 18:08:02] ⚠️ Skipping duplicate: Gaspatxo
[2025-05-24 18:08:02] ⚠️ Skipping duplicate: Salmorejo
[2025-05-24 18:08:02] ⚠️ Skipping duplicate: Gaspatxo bric
[2025-05-24 18:08:03] ⚠️ Skipping duplicate: Salmorejo bric
[2025-05-24 18:08:03] ⚠️ Skipping duplicate: Gaspatxo estil andalús
[2025-05-24 18:08:04] ⚠️ Skipping duplicate: Gaspatxo de maduixa
[2025-05-24 18:08:04] ⚠️ Skipping duplicate: Hummus
[2025-05-24 18:08:04] ⚠️ Skipping duplicate: Cap de llom filetejat a la planxa
[2025-05-24 18:08:05] ⚠️ Skipping duplicate: Conill d'espatlla d'anoll
[2025-05-24 18:08:05] ⚠️ Skipping duplicate: Jarret d'anoll
[2025-05-24 18:08:05] ⚠️ Skipping duplicate: Mixt de bull negre i donegal
[2025-05-24 18:08:06] ⚠️ Skipping duplicate: Càpsules Nescafé Dolce Gusto espresso intens
[2025-05-24 18:08:06] ⚠️ Skipping duplicate: Salmó adults
[2025-05-24 18:08:07] ⚠️ Skipping duplicate: Salmó adults
[2025-05-24 18:08:07] ⚠️ Skipping duplicate: Original adults
[2025-05-24 18:08:07] ⚠️ Skipping duplicate: Original adults
[2025-05-24 18:08:08] ⚠️ Skipping duplicate: Junior 2-12 mesos
[2025-05-24 18:08:08] ⚠️ Skipping duplicate: Junior 2-12 mesos
[2025-05-24 18:08:08] ⚠️ Skipping duplicate: Pit de pollastre groc sencer
[2025-05-24 18:08:09] ⚠️ Skipping duplicate: Pernilets de pollastre groc
[2025-05-24 18:08:09] ⚠️ Skipping duplicate: Pit de pollastre blanc sencer
[2025-05-24 18:08:09] ⚠️ Skipping duplicate: Pernilets de pollastre blanc
[2025-05-24 18:08:10] ⚠️ Skipping duplicate: Pit de pollastre groc filetejat
[2025-05-24 18:08:10] ⚠️ Skipping duplicate: Pit de pollastre sencer 65% cereals
[2025-05-24 18:08:10] 🛑 No products found on page 1. Stopping.
[2025-05-24 18:08:11] 🌐 Visiting: https://www.bonarea-online.com/online/embotits?page=1
[2025-05-24 18:08:16] 🔎 Found 24 product(s) in category 'sausages'
[2025-05-24 18:08:16] ⚠️ Skipping duplicate: Gaspatxo
[2025-05-24 18:08:17] ⚠️ Skipping duplicate: Salmorejo
[2025-05-24 18:08:17] ⚠️ Skipping duplicate: Gaspatxo bric
[2025-05-24 18:08:17] ⚠️ Skipping duplicate: Salmorejo bric
[2025-05-24 18:08:18] ⚠️ Skipping duplicate: Gaspatxo estil andalús
[2025-05-24 18:08:18] ⚠️ Skipping duplicate: Gaspatxo de maduixa
[2025-05-24 18:08:19] ⚠️ Skipping duplicate: Hummus
[2025-05-24 18:08:19] ⚠️ Skipping duplicate: Cap de llom filetejat a la planxa
[2025-05-24 18:08:19] ⚠️ Skipping duplicate: Conill d'espatlla d'anoll
[2025-05-24 18:08:20] ⚠️ Skipping duplicate: Jarret d'anoll
[2025-05-24 18:08:20] ⚠️ Skipping duplicate: Mixt de bull negre i donegal
[2025-05-24 18:08:20] ⚠️ Skipping duplicate: Càpsules Nescafé Dolce Gusto espresso intens
[2025-05-24 18:08:21] ⚠️ Skipping duplicate: Salmó adults
[2025-05-24 18:08:21] ⚠️ Skipping duplicate: Salmó adults
[2025-05-24 18:08:21] ⚠️ Skipping duplicate: Original adults
[2025-05-24 18:08:22] ⚠️ Skipping duplicate: Original adults
[2025-05-24 18:08:22] ⚠️ Skipping duplicate: Junior 2-12 mesos
[2025-05-24 18:08:23] ⚠️ Skipping duplicate: Junior 2-12 mesos
[2025-05-24 18:08:23] ⚠️ Skipping duplicate: Pit de pollastre groc sencer
[2025-05-24 18:08:23] ⚠️ Skipping duplicate: Pernilets de pollastre groc
[2025-05-24 18:08:24] ⚠️ Skipping duplicate: Pit de pollastre blanc sencer
[2025-05-24 18:08:24] ⚠️ Skipping duplicate: Pernilets de pollastre blanc
[2025-05-24 18:08:24] ⚠️ Skipping duplicate: Pit de pollastre groc filetejat
[2025-05-24 18:08:25] ⚠️ Skipping duplicate: Pit de pollastre sencer 65% cereals
[2025-05-24 18:08:25] 🛑 No products found on page 1. Stopping.
[2025-05-24 18:08:26] 🌐 Visiting: https://www.bonarea-online.com/online/peix-i-marisc?page=1
[2025-05-24 18:08:30] 🔎 Found 24 product(s) in category 'fish'
[2025-05-24 18:08:31] ⚠️ Skipping duplicate: Gaspatxo
[2025-05-24 18:08:31] ⚠️ Skipping duplicate: Salmorejo
[2025-05-24 18:08:32] ⚠️ Skipping duplicate: Gaspatxo bric
[2025-05-24 18:08:32] ⚠️ Skipping duplicate: Salmorejo bric
[2025-05-24 18:08:32] ⚠️ Skipping duplicate: Gaspatxo estil andalús
[2025-05-24 18:08:33] ⚠️ Skipping duplicate: Gaspatxo de maduixa
[2025-05-24 18:08:33] ⚠️ Skipping duplicate: Hummus
[2025-05-24 18:08:33] ⚠️ Skipping duplicate: Cap de llom filetejat a la planxa
[2025-05-24 18:08:34] ⚠️ Skipping duplicate: Conill d'espatlla d'anoll
[2025-05-24 18:08:34] ⚠️ Skipping duplicate: Jarret d'anoll
[2025-05-24 18:08:34] ⚠️ Skipping duplicate: Mixt de bull negre i donegal
[2025-05-24 18:08:35] ⚠️ Skipping duplicate: Càpsules Nescafé Dolce Gusto espresso intens
[2025-05-24 18:08:35] ⚠️ Skipping duplicate: Salmó adults
[2025-05-24 18:08:35] ⚠️ Skipping duplicate: Salmó adults
[2025-05-24 18:08:36] ⚠️ Skipping duplicate: Original adults
[2025-05-24 18:08:36] ⚠️ Skipping duplicate: Original adults
[2025-05-24 18:08:36] ⚠️ Skipping duplicate: Junior 2-12 mesos
[2025-05-24 18:08:37] ⚠️ Skipping duplicate: Junior 2-12 mesos
[2025-05-24 18:08:37] ⚠️ Skipping duplicate: Pit de pollastre groc sencer
[2025-05-24 18:08:37] ⚠️ Skipping duplicate: Pernilets de pollastre groc
[2025-05-24 18:08:38] ⚠️ Skipping duplicate: Pit de pollastre blanc sencer
[2025-05-24 18:08:38] ⚠️ Skipping duplicate: Pernilets de pollastre blanc
[2025-05-24 18:08:38] ⚠️ Skipping duplicate: Pit de pollastre groc filetejat
[2025-05-24 18:08:39] ⚠️ Skipping duplicate: Pit de pollastre sencer 65% cereals
[2025-05-24 18:08:39] 🛑 No products found on page 1. Stopping.
[2025-05-24 18:08:40] 🌐 Visiting: https://www.bonarea-online.com/online/fruites?page=1
[2025-05-24 18:08:44] 🔎 Found 24 product(s) in category 'fruits'
[2025-05-24 18:08:45] ⚠️ Skipping duplicate: Gaspatxo
[2025-05-24 18:08:45] ⚠️ Skipping duplicate: Salmorejo
[2025-05-24 18:08:46] ⚠️ Skipping duplicate: Gaspatxo bric
[2025-05-24 18:08:46] ⚠️ Skipping duplicate: Salmorejo bric
[2025-05-24 18:08:46] ⚠️ Skipping duplicate: Gaspatxo estil andalús
[2025-05-24 18:08:47] ⚠️ Skipping duplicate: Gaspatxo de maduixa
[2025-05-24 18:08:47] ⚠️ Skipping duplicate: Hummus
[2025-05-24 18:08:47] ⚠️ Skipping duplicate: Cap de llom filetejat a la planxa
[2025-05-24 18:08:48] ⚠️ Skipping duplicate: Conill d'espatlla d'anoll
[2025-05-24 18:08:48] ⚠️ Skipping duplicate: Jarret d'anoll
[2025-05-24 18:08:48] ⚠️ Skipping duplicate: Mixt de bull negre i donegal
[2025-05-24 18:08:49] ⚠️ Skipping duplicate: Càpsules Nescafé Dolce Gusto espresso intens
[2025-05-24 18:08:49] ⚠️ Skipping duplicate: Salmó adults
[2025-05-24 18:08:49] ⚠️ Skipping duplicate: Salmó adults
[2025-05-24 18:08:49] ⚠️ Skipping duplicate: Original adults
[2025-05-24 18:08:50] ⚠️ Skipping duplicate: Original adults
[2025-05-24 18:08:50] ⚠️ Skipping duplicate: Junior 2-12 mesos
[2025-05-24 18:08:51] ⚠️ Skipping duplicate: Junior 2-12 mesos
[2025-05-24 18:08:51] ⚠️ Skipping duplicate: Pit de pollastre groc sencer
[2025-05-24 18:08:51] ⚠️ Skipping duplicate: Pernilets de pollastre groc
[2025-05-24 18:08:52] ⚠️ Skipping duplicate: Pit de pollastre blanc sencer
[2025-05-24 18:08:52] ⚠️ Skipping duplicate: Pernilets de pollastre blanc
[2025-05-24 18:08:52] ⚠️ Skipping duplicate: Pit de pollastre groc filetejat
[2025-05-24 18:08:53] ⚠️ Skipping duplicate: Pit de pollastre sencer 65% cereals
[2025-05-24 18:08:53] 🛑 No products found on page 1. Stopping.
[2025-05-24 18:08:54] 🌐 Visiting: https://www.bonarea-online.com/online/verdures?page=1
[2025-05-24 18:08:58] 🔎 Found 24 product(s) in category 'vegetables'
[2025-05-24 18:08:58] ⚠️ Skipping duplicate: Gaspatxo
[2025-05-24 18:08:59] ⚠️ Skipping duplicate: Salmorejo
[2025-05-24 18:08:59] ⚠️ Skipping duplicate: Gaspatxo bric
[2025-05-24 18:08:59] ⚠️ Skipping duplicate: Salmorejo bric
[2025-05-24 18:09:00] ⚠️ Skipping duplicate: Gaspatxo estil andalús
[2025-05-24 18:09:00] ⚠️ Skipping duplicate: Gaspatxo de maduixa
[2025-05-24 18:09:00] ⚠️ Skipping duplicate: Hummus
[2025-05-24 18:09:01] ⚠️ Skipping duplicate: Cap de llom filetejat a la planxa
[2025-05-24 18:09:01] ⚠️ Skipping duplicate: Conill d'espatlla d'anoll
[2025-05-24 18:09:01] ⚠️ Skipping duplicate: Jarret d'anoll
[2025-05-24 18:09:01] ⚠️ Skipping duplicate: Mixt de bull negre i donegal
[2025-05-24 18:09:02] ⚠️ Skipping duplicate: Càpsules Nescafé Dolce Gusto espresso intens
[2025-05-24 18:09:02] ⚠️ Skipping duplicate: Salmó adults
[2025-05-24 18:09:03] ⚠️ Skipping duplicate: Salmó adults
[2025-05-24 18:09:03] ⚠️ Skipping duplicate: Original adults
[2025-05-24 18:09:03] ⚠️ Skipping duplicate: Original adults
[2025-05-24 18:09:04] ⚠️ Skipping duplicate: Junior 2-12 mesos
[2025-05-24 18:09:04] ⚠️ Skipping duplicate: Junior 2-12 mesos
[2025-05-24 18:09:05] ⚠️ Skipping duplicate: Pit de pollastre groc sencer
[2025-05-24 18:09:05] ⚠️ Skipping duplicate: Pernilets de pollastre groc
[2025-05-24 18:09:05] ⚠️ Skipping duplicate: Pit de pollastre blanc sencer
[2025-05-24 18:09:06] ⚠️ Skipping duplicate: Pernilets de pollastre blanc
[2025-05-24 18:09:06] ⚠️ Skipping duplicate: Pit de pollastre groc filetejat
[2025-05-24 18:09:07] ⚠️ Skipping duplicate: Pit de pollastre sencer 65% cereals
[2025-05-24 18:09:07] 🛑 No products found on page 1. Stopping.
[2025-05-24 19:12:43] 🔎 Found 24 product(s) in category 'drinks'
[2025-05-24 19:13:00] 🔎 Found 24 product(s) in category 'sweets'
[2025-05-24 19:13:16] 🔎 Found 24 product(s) in category 'frozen'
[2025-05-24 19:13:28] 🔎 Found 24 product(s) in category 'cleaning'
[2025-05-24 19:13:42] 🔎 Found 24 product(s) in category 'baby'
[2025-05-24 19:13:55] 🔎 Found 24 product(s) in category 'meat'
[2025-05-24 19:14:07] 🔎 Found 24 product(s) in category 'eggs'
[2025-05-24 19:14:19] 🔎 Found 24 product(s) in category 'sausages'
[2025-05-24 19:14:30] 🔎 Found 24 product(s) in category 'fish'
[2025-05-24 19:14:42] 🔎 Found 24 product(s) in category 'fruits'
[2025-05-24 19:14:54] 🔎 Found 24 product(s) in category 'vegetables'
[2025-05-24 20:00:11] Attempting to insert product: {'name': 'Gaspatxo', 'price': 2.85, 'category': 'drinks', 'store_id': 'bonarea', 'quantity': '1 l'}
[2025-05-24 20:00:12] Supabase Response: data=[{'name': 'Gaspatxo', 'price': 2.85, 'category': 'drinks', 'store_id': 'bonarea', 'quantity': '1 l', 'id': 'de955c5a-76bd-4196-8bdc-c862f7b31026', 'created_at': '2025-05-24T17:00:11.099546'}] count=None
[2025-05-24 20:00:12] ✅ Successfully inserted: Gaspatxo
[2025-05-24 20:00:12] Attempting to insert product: {'name': 'Salmorejo', 'price': 3.15, 'category': 'drinks', 'store_id': 'bonarea', 'quantity': '1 l'}
[2025-05-24 20:00:12] Supabase Response: data=[{'name': 'Salmorejo', 'price': 3.15, 'category': 'drinks', 'store_id': 'bonarea', 'quantity': '1 l', 'id': 'ce49fa38-86f7-47f3-908b-446a4a4338b3', 'created_at': '2025-05-24T17:00:11.592852'}] count=None
[2025-05-24 20:00:12] ✅ Successfully inserted: Salmorejo
[2025-05-24 20:00:12] Attempting to insert product: {'name': 'Gaspatxo bric', 'price': 1.95, 'category': 'drinks', 'store_id': 'bonarea', 'quantity': '1 l'}
[2025-05-24 20:00:13] Supabase Response: data=[{'name': 'Gaspatxo bric', 'price': 1.95, 'category': 'drinks', 'store_id': 'bonarea', 'quantity': '1 l', 'id': 'cba70d5f-e7b8-4a2b-a464-c40be4f8e1f8', 'created_at': '2025-05-24T17:00:11.857132'}] count=None
[2025-05-24 20:00:13] ✅ Successfully inserted: Gaspatxo bric
[2025-05-24 20:00:13] Attempting to insert product: {'name': 'Salmorejo bric', 'price': 2.3, 'category': 'drinks', 'store_id': 'bonarea', 'quantity': '1 l'}
[2025-05-24 20:00:13] Supabase Response: data=[{'name': 'Salmorejo bric', 'price': 2.3, 'category': 'drinks', 'store_id': 'bonarea', 'quantity': '1 l', 'id': '6ce06cd6-a4e0-40ac-aab3-f86c07706ba6', 'created_at': '2025-05-24T17:00:12.490098'}] count=None
[2025-05-24 20:00:13] ✅ Successfully inserted: Salmorejo bric
[2025-05-24 20:00:13] Attempting to insert product: {'name': 'Gaspatxo estil andalús', 'price': 1.1, 'category': 'drinks', 'store_id': 'bonarea', 'quantity': '300 g'}
[2025-05-24 20:00:14] Supabase Response: data=[{'name': 'Gaspatxo estil andalús', 'price': 1.1, 'category': 'drinks', 'store_id': 'bonarea', 'quantity': '300 g', 'id': 'eda25715-946b-45f7-ab22-4457020e64fe', 'created_at': '2025-05-24T17:00:13.001037'}] count=None
[2025-05-24 20:00:14] ✅ Successfully inserted: Gaspatxo estil andalús
[2025-05-24 20:00:14] Attempting to insert product: {'name': 'Gaspatxo de maduixa', 'price': 1.25, 'category': 'drinks', 'store_id': 'bonarea', 'quantity': '300 g'}
[2025-05-24 20:00:14] Supabase Response: data=[{'name': 'Gaspatxo de maduixa', 'price': 1.25, 'category': 'drinks', 'store_id': 'bonarea', 'quantity': '300 g', 'id': '30dad0f3-3e0c-44f4-9013-9ae476aa6665', 'created_at': '2025-05-24T17:00:13.278946'}] count=None
[2025-05-24 20:00:14] ✅ Successfully inserted: Gaspatxo de maduixa
[2025-05-24 20:00:14] Attempting to insert product: {'name': 'Hummus', 'price': 0.94, 'category': 'drinks', 'store_id': 'bonarea', 'quantity': '200 g'}
[2025-05-24 20:00:14] Supabase Response: data=[{'name': 'Hummus', 'price': 0.94, 'category': 'drinks', 'store_id': 'bonarea', 'quantity': '200 g', 'id': 'bb346ef9-738c-4092-8878-0a1b9d817cbc', 'created_at': '2025-05-24T17:00:13.773922'}] count=None
[2025-05-24 20:00:14] ✅ Successfully inserted: Hummus
[2025-05-24 20:00:14] Attempting to insert product: {'name': 'Cap de llom filetejat a la planxa', 'price': 2.4, 'category': 'drinks', 'store_id': 'bonarea', 'quantity': 'aprox. 198 g'}
[2025-05-24 20:00:15] Supabase Response: data=[{'name': 'Cap de llom filetejat a la planxa', 'price': 2.4, 'category': 'drinks', 'store_id': 'bonarea', 'quantity': 'aprox. 198 g', 'id': '5e61baa0-a71c-4c54-a7ad-a4fbdbbe3007', 'created_at': '2025-05-24T17:00:14.24129'}] count=None
[2025-05-24 20:00:15] ✅ Successfully inserted: Cap de llom filetejat a la planxa
[2025-05-24 20:00:15] Attempting to insert product: {'name': "Conill d'espatlla d'anoll", 'price': 16.91, 'category': 'drinks', 'store_id': 'bonarea', 'quantity': 'aprox. 1,6 kg'}
[2025-05-24 20:00:15] Supabase Response: data=[{'name': "Conill d'espatlla d'anoll", 'price': 16.91, 'category': 'drinks', 'store_id': 'bonarea', 'quantity': 'aprox. 1,6 kg', 'id': 'd04b778b-db55-4bd6-bb91-46e025d0366a', 'created_at': '2025-05-24T17:00:14.488174'}] count=None
[2025-05-24 20:00:15] ✅ Successfully inserted: Conill d'espatlla d'anoll
[2025-05-24 20:00:15] Attempting to insert product: {'name': "Jarret d'anoll", 'price': 22.76, 'category': 'drinks', 'store_id': 'bonarea', 'quantity': 'aprox. 2,0 kg'}
[2025-05-24 20:00:15] Supabase Response: data=[{'name': "Jarret d'anoll", 'price': 22.76, 'category': 'drinks', 'store_id': 'bonarea', 'quantity': 'aprox. 2,0 kg', 'id': 'a478179a-2f16-44b5-b536-d610bb23766f', 'created_at': '2025-05-24T17:00:14.779335'}] count=None
[2025-05-24 20:00:15] ✅ Successfully inserted: Jarret d'anoll
[2025-05-24 20:00:16] Attempting to insert product: {'name': 'Mixt de bull negre i donegal', 'price': 1.1, 'category': 'drinks', 'store_id': 'bonarea', 'quantity': 'aprox. 143 g'}
[2025-05-24 20:00:16] Supabase Response: data=[{'name': 'Mixt de bull negre i donegal', 'price': 1.1, 'category': 'drinks', 'store_id': 'bonarea', 'quantity': 'aprox. 143 g', 'id': 'bb1480dc-072d-4fce-8598-d11542c86d30', 'created_at': '2025-05-24T17:00:15.049815'}] count=None
[2025-05-24 20:00:16] ✅ Successfully inserted: Mixt de bull negre i donegal
[2025-05-24 20:00:16] Attempting to insert product: {'name': 'Càpsules Nescafé Dolce Gusto espresso intens', 'price': 4.25, 'category': 'drinks', 'store_id': 'bonarea', 'quantity': '16 u.'}
[2025-05-24 20:00:16] Supabase Response: data=[{'name': 'Càpsules Nescafé Dolce Gusto espresso intens', 'price': 4.25, 'category': 'drinks', 'store_id': 'bonarea', 'quantity': '16 u.', 'id': 'cb0bbfc2-6d27-435e-ab9e-d2ca566c006e', 'created_at': '2025-05-24T17:00:15.312165'}] count=None
[2025-05-24 20:00:16] ✅ Successfully inserted: Càpsules Nescafé Dolce Gusto espresso intens
[2025-05-24 20:00:16] Attempting to insert product: {'name': 'Salmó adults', 'price': 13.8, 'category': 'drinks', 'store_id': 'bonarea', 'quantity': '10 kg'}
[2025-05-24 20:00:16] Supabase Response: data=[{'name': 'Salmó adults', 'price': 13.8, 'category': 'drinks', 'store_id': 'bonarea', 'quantity': '10 kg', 'id': 'c9af92c9-5ea7-45bc-8e87-2348129acb32', 'created_at': '2025-05-24T17:00:15.600126'}] count=None
[2025-05-24 20:00:16] ✅ Successfully inserted: Salmó adults
[2025-05-24 20:00:16] Attempting to insert product: {'name': 'Salmó adults', 'price': 4.44, 'category': 'drinks', 'store_id': 'bonarea', 'quantity': '3 kg'}
[2025-05-24 20:00:17] Supabase Response: data=[{'name': 'Salmó adults', 'price': 4.44, 'category': 'drinks', 'store_id': 'bonarea', 'quantity': '3 kg', 'id': 'f58dec39-d71b-4236-9548-9b473a13f6a8', 'created_at': '2025-05-24T17:00:15.876509'}] count=None
[2025-05-24 20:00:17] ✅ Successfully inserted: Salmó adults
[2025-05-24 20:00:17] Attempting to insert product: {'name': 'Original adults', 'price': 13.6, 'category': 'drinks', 'store_id': 'bonarea', 'quantity': '10 kg'}
[2025-05-24 20:00:17] Supabase Response: data=[{'name': 'Original adults', 'price': 13.6, 'category': 'drinks', 'store_id': 'bonarea', 'quantity': '10 kg', 'id': 'd7046da6-405a-484a-81f0-974b003ccf26', 'created_at': '2025-05-24T17:00:16.321814'}] count=None
[2025-05-24 20:00:17] ✅ Successfully inserted: Original adults
[2025-05-24 20:00:17] Attempting to insert product: {'name': 'Original adults', 'price': 4.38, 'category': 'drinks', 'store_id': 'bonarea', 'quantity': '3 kg'}
[2025-05-24 20:00:17] Supabase Response: data=[{'name': 'Original adults', 'price': 4.38, 'category': 'drinks', 'store_id': 'bonarea', 'quantity': '3 kg', 'id': '91e22702-a227-4bf5-9d24-750ea57c8131', 'created_at': '2025-05-24T17:00:16.566946'}] count=None
[2025-05-24 20:00:17] ✅ Successfully inserted: Original adults
[2025-05-24 20:00:17] Attempting to insert product: {'name': 'Junior 2-12 mesos', 'price': 15.9, 'category': 'drinks', 'store_id': 'bonarea', 'quantity': '10 kg'}
[2025-05-24 20:00:17] Supabase Response: data=[{'name': 'Junior 2-12 mesos', 'price': 15.9, 'category': 'drinks', 'store_id': 'bonarea', 'quantity': '10 kg', 'id': '99d68752-4559-4f70-9ff5-90f2eb7dd69c', 'created_at': '2025-05-24T17:00:16.841102'}] count=None
[2025-05-24 20:00:17] ✅ Successfully inserted: Junior 2-12 mesos
[2025-05-24 20:00:18] Attempting to insert product: {'name': 'Junior 2-12 mesos', 'price': 5.07, 'category': 'drinks', 'store_id': 'bonarea', 'quantity': '3 kg'}
[2025-05-24 20:00:18] Supabase Response: data=[{'name': 'Junior 2-12 mesos', 'price': 5.07, 'category': 'drinks', 'store_id': 'bonarea', 'quantity': '3 kg', 'id': '92f5f371-8c99-47cc-88a1-e3c7e1267e1f', 'created_at': '2025-05-24T17:00:17.096927'}] count=None
[2025-05-24 20:00:18] ✅ Successfully inserted: Junior 2-12 mesos
[2025-05-24 20:00:18] Attempting to insert product: {'name': 'Pit de pollastre groc sencer', 'price': 4.54, 'category': 'drinks', 'store_id': 'bonarea', 'quantity': 'aprox. 693 g'}
[2025-05-24 20:00:18] Supabase Response: data=[{'name': 'Pit de pollastre groc sencer', 'price': 4.54, 'category': 'drinks', 'store_id': 'bonarea', 'quantity': 'aprox. 693 g', 'id': 'd9f6f6c2-057f-4e52-be4c-8865f29324f5', 'created_at': '2025-05-24T17:00:17.366977'}] count=None
[2025-05-24 20:00:18] ✅ Successfully inserted: Pit de pollastre groc sencer
[2025-05-24 20:00:18] Attempting to insert product: {'name': 'Pernilets de pollastre groc', 'price': 3.64, 'category': 'drinks', 'store_id': 'bonarea', 'quantity': 'aprox. 1,0 kg'}
[2025-05-24 20:00:18] Supabase Response: data=[{'name': 'Pernilets de pollastre groc', 'price': 3.64, 'category': 'drinks', 'store_id': 'bonarea', 'quantity': 'aprox. 1,0 kg', 'id': '050fdba2-5a9c-4e30-8ecf-6a63a6464a03', 'created_at': '2025-05-24T17:00:17.615829'}] count=None
[2025-05-24 20:00:18] ✅ Successfully inserted: Pernilets de pollastre groc
[2025-05-24 20:00:18] Attempting to insert product: {'name': 'Pit de pollastre blanc sencer', 'price': 4.68, 'category': 'drinks', 'store_id': 'bonarea', 'quantity': 'aprox. 715 g'}
[2025-05-24 20:00:19] Supabase Response: data=[{'name': 'Pit de pollastre blanc sencer', 'price': 4.68, 'category': 'drinks', 'store_id': 'bonarea', 'quantity': 'aprox. 715 g', 'id': '8bc9d6a3-b130-4b2e-940d-4348f7ea5625', 'created_at': '2025-05-24T17:00:17.880484'}] count=None
[2025-05-24 20:00:19] ✅ Successfully inserted: Pit de pollastre blanc sencer
[2025-05-24 20:00:19] Attempting to insert product: {'name': 'Pernilets de pollastre blanc', 'price': 3.8, 'category': 'drinks', 'store_id': 'bonarea', 'quantity': 'aprox. 1,1 kg'}
[2025-05-24 20:00:19] Supabase Response: data=[{'name': 'Pernilets de pollastre blanc', 'price': 3.8, 'category': 'drinks', 'store_id': 'bonarea', 'quantity': 'aprox. 1,1 kg', 'id': '79631f35-3215-4d42-acdb-ca033a1e7501', 'created_at': '2025-05-24T17:00:18.12294'}] count=None
[2025-05-24 20:00:19] ✅ Successfully inserted: Pernilets de pollastre blanc
[2025-05-24 20:00:19] Attempting to insert product: {'name': 'Pit de pollastre groc filetejat', 'price': 4.69, 'category': 'drinks', 'store_id': 'bonarea', 'quantity': 'aprox. 660 g'}
[2025-05-24 20:00:19] Supabase Response: data=[{'name': 'Pit de pollastre groc filetejat', 'price': 4.69, 'category': 'drinks', 'store_id': 'bonarea', 'quantity': 'aprox. 660 g', 'id': '20fe660a-325f-4a01-aea8-62d757499251', 'created_at': '2025-05-24T17:00:18.379018'}] count=None
[2025-05-24 20:00:19] ✅ Successfully inserted: Pit de pollastre groc filetejat
[2025-05-24 20:00:19] Attempting to insert product: {'name': 'Pit de pollastre sencer 65% cereals', 'price': 4.57, 'category': 'drinks', 'store_id': 'bonarea', 'quantity': 'aprox. 605 g'}
[2025-05-24 20:00:19] Supabase Response: data=[{'name': 'Pit de pollastre sencer 65% cereals', 'price': 4.57, 'category': 'drinks', 'store_id': 'bonarea', 'quantity': 'aprox. 605 g', 'id': 'd3137ff2-b60f-4431-8782-0af7eba349d3', 'created_at': '2025-05-24T17:00:18.642046'}] count=None
[2025-05-24 20:00:19] ✅ Successfully inserted: Pit de pollastre sencer 65% cereals
[2025-05-24 20:00:23] Attempting to insert product: {'name': 'Gaspatxo', 'price': 2.85, 'category': 'drinks', 'store_id': 'bonarea', 'quantity': '1 l'}
[2025-05-24 20:00:23] Supabase Response: data=[{'name': 'Gaspatxo', 'price': 2.85, 'category': 'drinks', 'store_id': 'bonarea', 'quantity': '1 l', 'id': '219ea94e-9866-4416-a569-f0660e3d3273', 'created_at': '2025-05-24T17:00:22.621918'}] count=None
[2025-05-24 20:00:23] ✅ Successfully inserted: Gaspatxo
[2025-05-24 20:00:23] Attempting to insert product: {'name': 'Salmorejo', 'price': 3.15, 'category': 'drinks', 'store_id': 'bonarea', 'quantity': '1 l'}
[2025-05-24 20:00:24] Supabase Response: data=[{'name': 'Salmorejo', 'price': 3.15, 'category': 'drinks', 'store_id': 'bonarea', 'quantity': '1 l', 'id': '3e8f66e3-64d3-4ab7-a5df-b22652deb9bb', 'created_at': '2025-05-24T17:00:22.869134'}] count=None
[2025-05-24 20:00:24] ✅ Successfully inserted: Salmorejo
[2025-05-24 20:00:24] Attempting to insert product: {'name': 'Gaspatxo bric', 'price': 1.95, 'category': 'drinks', 'store_id': 'bonarea', 'quantity': '1 l'}
[2025-05-24 20:00:24] Supabase Response: data=[{'name': 'Gaspatxo bric', 'price': 1.95, 'category': 'drinks', 'store_id': 'bonarea', 'quantity': '1 l', 'id': '652c8c4b-c630-41be-8ecb-c0c89dd75bd7', 'created_at': '2025-05-24T17:00:23.109102'}] count=None
[2025-05-24 20:00:24] ✅ Successfully inserted: Gaspatxo bric
[2025-05-24 20:00:24] Attempting to insert product: {'name': 'Salmorejo bric', 'price': 2.3, 'category': 'drinks', 'store_id': 'bonarea', 'quantity': '1 l'}
[2025-05-24 20:00:24] Supabase Response: data=[{'name': 'Salmorejo bric', 'price': 2.3, 'category': 'drinks', 'store_id': 'bonarea', 'quantity': '1 l', 'id': 'cbb0a797-1d88-481f-88bb-d0a9a50d72a6', 'created_at': '2025-05-24T17:00:23.357454'}] count=None
[2025-05-24 20:00:24] ✅ Successfully inserted: Salmorejo bric
[2025-05-24 20:00:24] Attempting to insert product: {'name': 'Gaspatxo estil andalús', 'price': 1.1, 'category': 'drinks', 'store_id': 'bonarea', 'quantity': '300 g'}
[2025-05-24 20:00:24] Supabase Response: data=[{'name': 'Gaspatxo estil andalús', 'price': 1.1, 'category': 'drinks', 'store_id': 'bonarea', 'quantity': '300 g', 'id': '77e41da9-faf8-4136-b015-e34d528602cb', 'created_at': '2025-05-24T17:00:23.626278'}] count=None
[2025-05-24 20:00:24] ✅ Successfully inserted: Gaspatxo estil andalús
[2025-05-24 20:00:24] Attempting to insert product: {'name': 'Gaspatxo de maduixa', 'price': 1.25, 'category': 'drinks', 'store_id': 'bonarea', 'quantity': '300 g'}
[2025-05-24 20:00:25] Supabase Response: data=[{'name': 'Gaspatxo de maduixa', 'price': 1.25, 'category': 'drinks', 'store_id': 'bonarea', 'quantity': '300 g', 'id': '588be8be-da08-4af6-88eb-6f4e14cea432', 'created_at': '2025-05-24T17:00:23.905824'}] count=None
[2025-05-24 20:00:25] ✅ Successfully inserted: Gaspatxo de maduixa
[2025-05-24 20:00:25] Attempting to insert product: {'name': 'Hummus', 'price': 0.94, 'category': 'drinks', 'store_id': 'bonarea', 'quantity': '200 g'}
[2025-05-24 20:00:25] Supabase Response: data=[{'name': 'Hummus', 'price': 0.94, 'category': 'drinks', 'store_id': 'bonarea', 'quantity': '200 g', 'id': '7346e30b-77a8-4faa-8b83-f1a15b178656', 'created_at': '2025-05-24T17:00:24.149946'}] count=None
[2025-05-24 20:00:25] ✅ Successfully inserted: Hummus
[2025-05-24 20:00:25] Attempting to insert product: {'name': 'Cap de llom filetejat a la planxa', 'price': 2.4, 'category': 'drinks', 'store_id': 'bonarea', 'quantity': 'aprox. 198 g'}
[2025-05-24 20:00:25] Supabase Response: data=[{'name': 'Cap de llom filetejat a la planxa', 'price': 2.4, 'category': 'drinks', 'store_id': 'bonarea', 'quantity': 'aprox. 198 g', 'id': '96d26024-028b-46a1-8f93-657bdbd613ea', 'created_at': '2025-05-24T17:00:24.412714'}] count=None
[2025-05-24 20:00:25] ✅ Successfully inserted: Cap de llom filetejat a la planxa
[2025-05-24 20:00:25] Attempting to insert product: {'name': "Conill d'espatlla d'anoll", 'price': 16.91, 'category': 'drinks', 'store_id': 'bonarea', 'quantity': 'aprox. 1,6 kg'}
[2025-05-24 20:00:25] Supabase Response: data=[{'name': "Conill d'espatlla d'anoll", 'price': 16.91, 'category': 'drinks', 'store_id': 'bonarea', 'quantity': 'aprox. 1,6 kg', 'id': '1e85b6ab-f5e5-4caa-b26c-77be3821f44d', 'created_at': '2025-05-24T17:00:24.676988'}] count=None
[2025-05-24 20:00:25] ✅ Successfully inserted: Conill d'espatlla d'anoll
[2025-05-24 20:00:25] Attempting to insert product: {'name': "Jarret d'anoll", 'price': 22.76, 'category': 'drinks', 'store_id': 'bonarea', 'quantity': 'aprox. 2,0 kg'}
[2025-05-24 20:00:26] Supabase Response: data=[{'name': "Jarret d'anoll", 'price': 22.76, 'category': 'drinks', 'store_id': 'bonarea', 'quantity': 'aprox. 2,0 kg', 'id': '0e8dc4ce-77a9-4320-aede-f3fb6e0a2934', 'created_at': '2025-05-24T17:00:25.153733'}] count=None
[2025-05-24 20:00:26] ✅ Successfully inserted: Jarret d'anoll
[2025-05-24 20:00:26] Attempting to insert product: {'name': 'Mixt de bull negre i donegal', 'price': 1.1, 'category': 'drinks', 'store_id': 'bonarea', 'quantity': 'aprox. 143 g'}
[2025-05-24 20:00:26] Supabase Response: data=[{'name': 'Mixt de bull negre i donegal', 'price': 1.1, 'category': 'drinks', 'store_id': 'bonarea', 'quantity': 'aprox. 143 g', 'id': 'e9a7bcb3-4735-4867-b969-a54746b6839e', 'created_at': '2025-05-24T17:00:25.398402'}] count=None
[2025-05-24 20:00:26] ✅ Successfully inserted: Mixt de bull negre i donegal
[2025-05-24 20:00:26] Attempting to insert product: {'name': 'Càpsules Nescafé Dolce Gusto espresso intens', 'price': 4.25, 'category': 'drinks', 'store_id': 'bonarea', 'quantity': '16 u.'}
[2025-05-24 20:00:26] Supabase Response: data=[{'name': 'Càpsules Nescafé Dolce Gusto espresso intens', 'price': 4.25, 'category': 'drinks', 'store_id': 'bonarea', 'quantity': '16 u.', 'id': '0cb01c77-637d-48a0-95fb-64f582dc1e34', 'created_at': '2025-05-24T17:00:25.647407'}] count=None
[2025-05-24 20:00:26] ✅ Successfully inserted: Càpsules Nescafé Dolce Gusto espresso intens
[2025-05-24 20:00:26] Attempting to insert product: {'name': 'Salmó adults', 'price': 13.8, 'category': 'drinks', 'store_id': 'bonarea', 'quantity': '10 kg'}
[2025-05-24 20:00:27] Supabase Response: data=[{'name': 'Salmó adults', 'price': 13.8, 'category': 'drinks', 'store_id': 'bonarea', 'quantity': '10 kg', 'id': '5c4167ad-b70c-4224-9189-e1e7eaf06468', 'created_at': '2025-05-24T17:00:25.884169'}] count=None
[2025-05-24 20:00:27] ✅ Successfully inserted: Salmó adults
[2025-05-24 20:00:27] Attempting to insert product: {'name': 'Salmó adults', 'price': 4.44, 'category': 'drinks', 'store_id': 'bonarea', 'quantity': '3 kg'}
[2025-05-24 20:00:27] Supabase Response: data=[{'name': 'Salmó adults', 'price': 4.44, 'category': 'drinks', 'store_id': 'bonarea', 'quantity': '3 kg', 'id': 'a722c956-31d2-4371-9c24-7c03b4272756', 'created_at': '2025-05-24T17:00:26.15754'}] count=None
[2025-05-24 20:00:27] ✅ Successfully inserted: Salmó adults
[2025-05-24 20:00:27] Attempting to insert product: {'name': 'Original adults', 'price': 13.6, 'category': 'drinks', 'store_id': 'bonarea', 'quantity': '10 kg'}
[2025-05-24 20:00:27] Supabase Response: data=[{'name': 'Original adults', 'price': 13.6, 'category': 'drinks', 'store_id': 'bonarea', 'quantity': '10 kg', 'id': '1af8479c-5f48-43ae-9910-adcea8158d0c', 'created_at': '2025-05-24T17:00:26.474772'}] count=None
[2025-05-24 20:00:27] ✅ Successfully inserted: Original adults
[2025-05-24 20:00:27] Attempting to insert product: {'name': 'Original adults', 'price': 4.38, 'category': 'drinks', 'store_id': 'bonarea', 'quantity': '3 kg'}
[2025-05-24 20:00:27] Supabase Response: data=[{'name': 'Original adults', 'price': 4.38, 'category': 'drinks', 'store_id': 'bonarea', 'quantity': '3 kg', 'id': 'c26a3aa2-ef2e-4d5c-88d7-b613f6cccfaf', 'created_at': '2025-05-24T17:00:26.749992'}] count=None
[2025-05-24 20:00:27] ✅ Successfully inserted: Original adults
[2025-05-24 20:00:27] Attempting to insert product: {'name': 'Junior 2-12 mesos', 'price': 15.9, 'category': 'drinks', 'store_id': 'bonarea', 'quantity': '10 kg'}
[2025-05-24 20:00:28] Supabase Response: data=[{'name': 'Junior 2-12 mesos', 'price': 15.9, 'category': 'drinks', 'store_id': 'bonarea', 'quantity': '10 kg', 'id': 'ebccdc53-7085-44f4-96fd-27a792420e28', 'created_at': '2025-05-24T17:00:27.003188'}] count=None
[2025-05-24 20:00:28] ✅ Successfully inserted: Junior 2-12 mesos
[2025-05-24 20:00:28] Attempting to insert product: {'name': 'Junior 2-12 mesos', 'price': 5.07, 'category': 'drinks', 'store_id': 'bonarea', 'quantity': '3 kg'}
[2025-05-24 20:00:28] Supabase Response: data=[{'name': 'Junior 2-12 mesos', 'price': 5.07, 'category': 'drinks', 'store_id': 'bonarea', 'quantity': '3 kg', 'id': '4ec267cb-bca7-4d84-83e9-8e106c20961c', 'created_at': '2025-05-24T17:00:27.319268'}] count=None
[2025-05-24 20:00:28] ✅ Successfully inserted: Junior 2-12 mesos
[2025-05-24 20:00:28] Attempting to insert product: {'name': 'Pit de pollastre groc sencer', 'price': 4.54, 'category': 'drinks', 'store_id': 'bonarea', 'quantity': 'aprox. 693 g'}
[2025-05-24 20:00:28] Supabase Response: data=[{'name': 'Pit de pollastre groc sencer', 'price': 4.54, 'category': 'drinks', 'store_id': 'bonarea', 'quantity': 'aprox. 693 g', 'id': 'b9437d15-61f3-4e06-a117-2361cc4c5bec', 'created_at': '2025-05-24T17:00:27.620162'}] count=None
[2025-05-24 20:00:28] ✅ Successfully inserted: Pit de pollastre groc sencer
[2025-05-24 20:00:28] Attempting to insert product: {'name': 'Pernilets de pollastre groc', 'price': 3.64, 'category': 'drinks', 'store_id': 'bonarea', 'quantity': 'aprox. 1,0 kg'}
[2025-05-24 20:00:29] Supabase Response: data=[{'name': 'Pernilets de pollastre groc', 'price': 3.64, 'category': 'drinks', 'store_id': 'bonarea', 'quantity': 'aprox. 1,0 kg', 'id': 'cf1420e7-e418-4c92-b698-39f9cc133efa', 'created_at': '2025-05-24T17:00:27.868095'}] count=None
[2025-05-24 20:00:29] ✅ Successfully inserted: Pernilets de pollastre groc
[2025-05-24 20:00:29] Attempting to insert product: {'name': 'Pit de pollastre blanc sencer', 'price': 4.68, 'category': 'drinks', 'store_id': 'bonarea', 'quantity': 'aprox. 715 g'}
[2025-05-24 20:00:29] Supabase Response: data=[{'name': 'Pit de pollastre blanc sencer', 'price': 4.68, 'category': 'drinks', 'store_id': 'bonarea', 'quantity': 'aprox. 715 g', 'id': 'd2563c24-b126-4f16-bfdd-6b7abd99ae60', 'created_at': '2025-05-24T17:00:28.115671'}] count=None
[2025-05-24 20:00:29] ✅ Successfully inserted: Pit de pollastre blanc sencer
[2025-05-24 20:00:29] Attempting to insert product: {'name': 'Pernilets de pollastre blanc', 'price': 3.8, 'category': 'drinks', 'store_id': 'bonarea', 'quantity': 'aprox. 1,1 kg'}
[2025-05-24 20:00:29] Supabase Response: data=[{'name': 'Pernilets de pollastre blanc', 'price': 3.8, 'category': 'drinks', 'store_id': 'bonarea', 'quantity': 'aprox. 1,1 kg', 'id': 'b847ac80-0561-4091-b978-7e9452de2330', 'created_at': '2025-05-24T17:00:28.422145'}] count=None
[2025-05-24 20:00:29] ✅ Successfully inserted: Pernilets de pollastre blanc
[2025-05-24 20:00:29] Attempting to insert product: {'name': 'Pit de pollastre groc filetejat', 'price': 4.69, 'category': 'drinks', 'store_id': 'bonarea', 'quantity': 'aprox. 660 g'}
[2025-05-24 20:00:29] Supabase Response: data=[{'name': 'Pit de pollastre groc filetejat', 'price': 4.69, 'category': 'drinks', 'store_id': 'bonarea', 'quantity': 'aprox. 660 g', 'id': '875bf7dd-121f-489a-bbe2-3dfc982ae999', 'created_at': '2025-05-24T17:00:28.72686'}] count=None
[2025-05-24 20:00:29] ✅ Successfully inserted: Pit de pollastre groc filetejat
[2025-05-24 20:00:29] Attempting to insert product: {'name': 'Pit de pollastre sencer 65% cereals', 'price': 4.57, 'category': 'drinks', 'store_id': 'bonarea', 'quantity': 'aprox. 605 g'}
[2025-05-24 20:00:30] Supabase Response: data=[{'name': 'Pit de pollastre sencer 65% cereals', 'price': 4.57, 'category': 'drinks', 'store_id': 'bonarea', 'quantity': 'aprox. 605 g', 'id': '88aa6a23-d881-4e1d-9bb2-edc176ef122b', 'created_at': '2025-05-24T17:00:29.061308'}] count=None
[2025-05-24 20:00:30] ✅ Successfully inserted: Pit de pollastre sencer 65% cereals
[2025-05-24 20:00:34] Attempting to insert product: {'name': 'Gaspatxo', 'price': 2.85, 'category': 'drinks', 'store_id': 'bonarea', 'quantity': '1 l'}
[2025-05-24 20:00:34] Supabase Response: data=[{'name': 'Gaspatxo', 'price': 2.85, 'category': 'drinks', 'store_id': 'bonarea', 'quantity': '1 l', 'id': 'bfab055d-f9da-416c-b365-31e9079d15e8', 'created_at': '2025-05-24T17:00:33.296406'}] count=None
[2025-05-24 20:00:34] ✅ Successfully inserted: Gaspatxo
[2025-05-24 20:00:34] Attempting to insert product: {'name': 'Salmorejo', 'price': 3.15, 'category': 'drinks', 'store_id': 'bonarea', 'quantity': '1 l'}
[2025-05-24 20:00:34] Supabase Response: data=[{'name': 'Salmorejo', 'price': 3.15, 'category': 'drinks', 'store_id': 'bonarea', 'quantity': '1 l', 'id': 'f26159ad-d2ee-419f-bd41-daf9db238746', 'created_at': '2025-05-24T17:00:33.564323'}] count=None
[2025-05-24 20:00:34] ✅ Successfully inserted: Salmorejo
[2025-05-24 20:00:34] Attempting to insert product: {'name': 'Gaspatxo bric', 'price': 1.95, 'category': 'drinks', 'store_id': 'bonarea', 'quantity': '1 l'}
[2025-05-24 20:00:34] Supabase Response: data=[{'name': 'Gaspatxo bric', 'price': 1.95, 'category': 'drinks', 'store_id': 'bonarea', 'quantity': '1 l', 'id': '5a1dcf5a-1fe2-4c02-83b8-9736d00fd364', 'created_at': '2025-05-24T17:00:33.819186'}] count=None
[2025-05-24 20:00:34] ✅ Successfully inserted: Gaspatxo bric
[2025-05-24 20:00:35] Attempting to insert product: {'name': 'Salmorejo bric', 'price': 2.3, 'category': 'drinks', 'store_id': 'bonarea', 'quantity': '1 l'}
[2025-05-24 20:00:35] Supabase Response: data=[{'name': 'Salmorejo bric', 'price': 2.3, 'category': 'drinks', 'store_id': 'bonarea', 'quantity': '1 l', 'id': 'eef8d6a1-ceb5-455f-8088-34a9525e11b4', 'created_at': '2025-05-24T17:00:34.082562'}] count=None
[2025-05-24 20:00:35] ✅ Successfully inserted: Salmorejo bric
[2025-05-24 20:00:35] Attempting to insert product: {'name': 'Gaspatxo estil andalús', 'price': 1.1, 'category': 'drinks', 'store_id': 'bonarea', 'quantity': '300 g'}
[2025-05-24 20:00:35] Supabase Response: data=[{'name': 'Gaspatxo estil andalús', 'price': 1.1, 'category': 'drinks', 'store_id': 'bonarea', 'quantity': '300 g', 'id': '8ac47865-4ff6-4e7a-9c78-4d5c4b7c206b', 'created_at': '2025-05-24T17:00:34.348247'}] count=None
[2025-05-24 20:00:35] ✅ Successfully inserted: Gaspatxo estil andalús
[2025-05-24 20:00:35] Attempting to insert product: {'name': 'Gaspatxo de maduixa', 'price': 1.25, 'category': 'drinks', 'store_id': 'bonarea', 'quantity': '300 g'}
[2025-05-24 20:00:35] Supabase Response: data=[{'name': 'Gaspatxo de maduixa', 'price': 1.25, 'category': 'drinks', 'store_id': 'bonarea', 'quantity': '300 g', 'id': '4d1c068f-cce5-4073-801a-044f10ac2cee', 'created_at': '2025-05-24T17:00:34.68435'}] count=None
[2025-05-24 20:00:35] ✅ Successfully inserted: Gaspatxo de maduixa
[2025-05-24 20:00:35] Attempting to insert product: {'name': 'Hummus', 'price': 0.94, 'category': 'drinks', 'store_id': 'bonarea', 'quantity': '200 g'}
[2025-05-24 20:00:36] Supabase Response: data=[{'name': 'Hummus', 'price': 0.94, 'category': 'drinks', 'store_id': 'bonarea', 'quantity': '200 g', 'id': '1a934e56-4098-4f0e-a6ba-a2667dd9574f', 'created_at': '2025-05-24T17:00:34.974472'}] count=None
[2025-05-24 20:00:36] ✅ Successfully inserted: Hummus
[2025-05-24 20:00:36] Attempting to insert product: {'name': 'Cap de llom filetejat a la planxa', 'price': 2.4, 'category': 'drinks', 'store_id': 'bonarea', 'quantity': 'aprox. 198 g'}
[2025-05-24 20:00:36] Supabase Response: data=[{'name': 'Cap de llom filetejat a la planxa', 'price': 2.4, 'category': 'drinks', 'store_id': 'bonarea', 'quantity': 'aprox. 198 g', 'id': '1f978952-b602-4ee2-a17a-00b1a07d1434', 'created_at': '2025-05-24T17:00:35.257862'}] count=None
[2025-05-24 20:00:36] ✅ Successfully inserted: Cap de llom filetejat a la planxa
[2025-05-24 20:00:36] Attempting to insert product: {'name': "Conill d'espatlla d'anoll", 'price': 16.91, 'category': 'drinks', 'store_id': 'bonarea', 'quantity': 'aprox. 1,6 kg'}
[2025-05-24 20:00:36] Supabase Response: data=[{'name': "Conill d'espatlla d'anoll", 'price': 16.91, 'category': 'drinks', 'store_id': 'bonarea', 'quantity': 'aprox. 1,6 kg', 'id': 'f2b12293-f935-4cc9-bd89-7d8a342e92d6', 'created_at': '2025-05-24T17:00:35.602025'}] count=None
[2025-05-24 20:00:36] ✅ Successfully inserted: Conill d'espatlla d'anoll
[2025-05-24 20:00:36] Attempting to insert product: {'name': "Jarret d'anoll", 'price': 22.76, 'category': 'drinks', 'store_id': 'bonarea', 'quantity': 'aprox. 2,0 kg'}
[2025-05-24 20:00:37] Supabase Response: data=[{'name': "Jarret d'anoll", 'price': 22.76, 'category': 'drinks', 'store_id': 'bonarea', 'quantity': 'aprox. 2,0 kg', 'id': '57beee10-50ae-4341-a736-7cc5b591feb9', 'created_at': '2025-05-24T17:00:35.893061'}] count=None
[2025-05-24 20:00:37] ✅ Successfully inserted: Jarret d'anoll
[2025-05-24 20:00:37] Attempting to insert product: {'name': 'Mixt de bull negre i donegal', 'price': 1.1, 'category': 'drinks', 'store_id': 'bonarea', 'quantity': 'aprox. 143 g'}
[2025-05-24 20:00:37] Supabase Response: data=[{'name': 'Mixt de bull negre i donegal', 'price': 1.1, 'category': 'drinks', 'store_id': 'bonarea', 'quantity': 'aprox. 143 g', 'id': '1e41c43c-cba9-4fb4-9ef1-812b7766d0c6', 'created_at': '2025-05-24T17:00:36.157896'}] count=None
[2025-05-24 20:00:37] ✅ Successfully inserted: Mixt de bull negre i donegal
[2025-05-24 20:00:37] Attempting to insert product: {'name': 'Càpsules Nescafé Dolce Gusto espresso intens', 'price': 4.25, 'category': 'drinks', 'store_id': 'bonarea', 'quantity': '16 u.'}
[2025-05-24 20:00:37] Supabase Response: data=[{'name': 'Càpsules Nescafé Dolce Gusto espresso intens', 'price': 4.25, 'category': 'drinks', 'store_id': 'bonarea', 'quantity': '16 u.', 'id': 'de14ac5c-9328-4b4b-9e72-6f0787642619', 'created_at': '2025-05-24T17:00:36.515793'}] count=None
[2025-05-24 20:00:37] ✅ Successfully inserted: Càpsules Nescafé Dolce Gusto espresso intens
[2025-05-24 20:00:37] Attempting to insert product: {'name': 'Salmó adults', 'price': 13.8, 'category': 'drinks', 'store_id': 'bonarea', 'quantity': '10 kg'}
[2025-05-24 20:00:38] Supabase Response: data=[{'name': 'Salmó adults', 'price': 13.8, 'category': 'drinks', 'store_id': 'bonarea', 'quantity': '10 kg', 'id': '55958563-8bd8-4497-9527-72b7a2e3a936', 'created_at': '2025-05-24T17:00:36.835428'}] count=None
[2025-05-24 20:00:38] ✅ Successfully inserted: Salmó adults
[2025-05-24 20:00:38] Attempting to insert product: {'name': 'Salmó adults', 'price': 4.44, 'category': 'drinks', 'store_id': 'bonarea', 'quantity': '3 kg'}
[2025-05-24 20:00:38] Supabase Response: data=[{'name': 'Salmó adults', 'price': 4.44, 'category': 'drinks', 'store_id': 'bonarea', 'quantity': '3 kg', 'id': '674a06b9-2e14-401f-a2b9-710fbcd7d42f', 'created_at': '2025-05-24T17:00:37.183228'}] count=None
[2025-05-24 20:00:38] ✅ Successfully inserted: Salmó adults
[2025-05-24 20:00:38] Attempting to insert product: {'name': 'Original adults', 'price': 13.6, 'category': 'drinks', 'store_id': 'bonarea', 'quantity': '10 kg'}
[2025-05-24 20:00:38] Supabase Response: data=[{'name': 'Original adults', 'price': 13.6, 'category': 'drinks', 'store_id': 'bonarea', 'quantity': '10 kg', 'id': '3d777c86-9ce1-4798-80d9-7cf39dd6773f', 'created_at': '2025-05-24T17:00:37.526673'}] count=None
[2025-05-24 20:00:38] ✅ Successfully inserted: Original adults
[2025-05-24 20:00:38] Attempting to insert product: {'name': 'Original adults', 'price': 4.38, 'category': 'drinks', 'store_id': 'bonarea', 'quantity': '3 kg'}
[2025-05-24 20:00:38] Supabase Response: data=[{'name': 'Original adults', 'price': 4.38, 'category': 'drinks', 'store_id': 'bonarea', 'quantity': '3 kg', 'id': 'e9114e37-14c6-4c22-822b-e2f517079518', 'created_at': '2025-05-24T17:00:37.772763'}] count=None
[2025-05-24 20:00:38] ✅ Successfully inserted: Original adults
[2025-05-24 20:00:38] Attempting to insert product: {'name': 'Junior 2-12 mesos', 'price': 15.9, 'category': 'drinks', 'store_id': 'bonarea', 'quantity': '10 kg'}
[2025-05-24 20:00:39] Supabase Response: data=[{'name': 'Junior 2-12 mesos', 'price': 15.9, 'category': 'drinks', 'store_id': 'bonarea', 'quantity': '10 kg', 'id': '36026a99-5dc2-49bd-a5c7-04c624863069', 'created_at': '2025-05-24T17:00:38.046526'}] count=None
[2025-05-24 20:00:39] ✅ Successfully inserted: Junior 2-12 mesos
[2025-05-24 20:00:39] Attempting to insert product: {'name': 'Junior 2-12 mesos', 'price': 5.07, 'category': 'drinks', 'store_id': 'bonarea', 'quantity': '3 kg'}
[2025-05-24 20:00:39] Supabase Response: data=[{'name': 'Junior 2-12 mesos', 'price': 5.07, 'category': 'drinks', 'store_id': 'bonarea', 'quantity': '3 kg', 'id': '1b170d55-c945-4658-a34d-73986847b7bc', 'created_at': '2025-05-24T17:00:38.369645'}] count=None
[2025-05-24 20:00:39] ✅ Successfully inserted: Junior 2-12 mesos
[2025-05-24 20:00:39] Attempting to insert product: {'name': 'Pit de pollastre groc sencer', 'price': 4.54, 'category': 'drinks', 'store_id': 'bonarea', 'quantity': 'aprox. 693 g'}
[2025-05-24 20:00:39] Supabase Response: data=[{'name': 'Pit de pollastre groc sencer', 'price': 4.54, 'category': 'drinks', 'store_id': 'bonarea', 'quantity': 'aprox. 693 g', 'id': '56f2c782-52a4-4c44-8332-59f9bc187e84', 'created_at': '2025-05-24T17:00:38.655773'}] count=None
[2025-05-24 20:00:39] ✅ Successfully inserted: Pit de pollastre groc sencer
[2025-05-24 20:00:39] Attempting to insert product: {'name': 'Pernilets de pollastre groc', 'price': 3.64, 'category': 'drinks', 'store_id': 'bonarea', 'quantity': 'aprox. 1,0 kg'}
[2025-05-24 20:00:40] Supabase Response: data=[{'name': 'Pernilets de pollastre groc', 'price': 3.64, 'category': 'drinks', 'store_id': 'bonarea', 'quantity': 'aprox. 1,0 kg', 'id': '87112558-36ce-42ad-8787-7c571e839cf6', 'created_at': '2025-05-24T17:00:38.968078'}] count=None
[2025-05-24 20:00:40] ✅ Successfully inserted: Pernilets de pollastre groc
[2025-05-24 20:00:40] Attempting to insert product: {'name': 'Pit de pollastre blanc sencer', 'price': 4.68, 'category': 'drinks', 'store_id': 'bonarea', 'quantity': 'aprox. 715 g'}
[2025-05-24 20:00:40] Supabase Response: data=[{'name': 'Pit de pollastre blanc sencer', 'price': 4.68, 'category': 'drinks', 'store_id': 'bonarea', 'quantity': 'aprox. 715 g', 'id': 'a212514e-e8bc-4d0b-b622-bd61c08bebbc', 'created_at': '2025-05-24T17:00:39.276287'}] count=None
[2025-05-24 20:00:40] ✅ Successfully inserted: Pit de pollastre blanc sencer
[2025-05-24 20:00:40] Attempting to insert product: {'name': 'Pernilets de pollastre blanc', 'price': 3.8, 'category': 'drinks', 'store_id': 'bonarea', 'quantity': 'aprox. 1,1 kg'}
[2025-05-24 20:00:40] Supabase Response: data=[{'name': 'Pernilets de pollastre blanc', 'price': 3.8, 'category': 'drinks', 'store_id': 'bonarea', 'quantity': 'aprox. 1,1 kg', 'id': '954b1d2e-d8cf-4da9-9a5a-1670b0e500e6', 'created_at': '2025-05-24T17:00:39.550255'}] count=None
[2025-05-24 20:00:40] ✅ Successfully inserted: Pernilets de pollastre blanc
[2025-05-24 20:00:40] Attempting to insert product: {'name': 'Pit de pollastre groc filetejat', 'price': 4.69, 'category': 'drinks', 'store_id': 'bonarea', 'quantity': 'aprox. 660 g'}
[2025-05-24 20:00:41] Supabase Response: data=[{'name': 'Pit de pollastre groc filetejat', 'price': 4.69, 'category': 'drinks', 'store_id': 'bonarea', 'quantity': 'aprox. 660 g', 'id': '66a53a7d-8119-4fc7-a3bd-307f18b016eb', 'created_at': '2025-05-24T17:00:39.883938'}] count=None
[2025-05-24 20:00:41] ✅ Successfully inserted: Pit de pollastre groc filetejat
[2025-05-24 20:00:41] Attempting to insert product: {'name': 'Pit de pollastre sencer 65% cereals', 'price': 4.57, 'category': 'drinks', 'store_id': 'bonarea', 'quantity': 'aprox. 605 g'}
[2025-05-24 20:00:41] Supabase Response: data=[{'name': 'Pit de pollastre sencer 65% cereals', 'price': 4.57, 'category': 'drinks', 'store_id': 'bonarea', 'quantity': 'aprox. 605 g', 'id': 'a79c43f8-0358-425c-95c0-dceb1159a5f0', 'created_at': '2025-05-24T17:00:40.233768'}] count=None
[2025-05-24 20:00:41] ✅ Successfully inserted: Pit de pollastre sencer 65% cereals
[2025-05-24 20:00:45] Attempting to insert product: {'name': 'Gaspatxo', 'price': 2.85, 'category': 'drinks', 'store_id': 'bonarea', 'quantity': '1 l'}
[2025-05-24 20:00:45] Supabase Response: data=[{'name': 'Gaspatxo', 'price': 2.85, 'category': 'drinks', 'store_id': 'bonarea', 'quantity': '1 l', 'id': '4b51baa4-55d2-48b3-ba25-aba5f15f886c', 'created_at': '2025-05-24T17:00:44.388583'}] count=None
[2025-05-24 20:00:45] ✅ Successfully inserted: Gaspatxo
[2025-05-24 20:00:45] Attempting to insert product: {'name': 'Salmorejo', 'price': 3.15, 'category': 'drinks', 'store_id': 'bonarea', 'quantity': '1 l'}
[2025-05-24 20:00:45] Supabase Response: data=[{'name': 'Salmorejo', 'price': 3.15, 'category': 'drinks', 'store_id': 'bonarea', 'quantity': '1 l', 'id': '98d6e4eb-85db-4910-b14a-21ee0d73b2e7', 'created_at': '2025-05-24T17:00:44.651739'}] count=None
[2025-05-24 20:00:45] ✅ Successfully inserted: Salmorejo
[2025-05-24 20:00:45] Attempting to insert product: {'name': 'Gaspatxo bric', 'price': 1.95, 'category': 'drinks', 'store_id': 'bonarea', 'quantity': '1 l'}
[2025-05-24 20:00:46] Supabase Response: data=[{'name': 'Gaspatxo bric', 'price': 1.95, 'category': 'drinks', 'store_id': 'bonarea', 'quantity': '1 l', 'id': '3cdf6c58-6a3b-4bc8-91f6-9ef1866118f7', 'created_at': '2025-05-24T17:00:44.892598'}] count=None
[2025-05-24 20:00:46] ✅ Successfully inserted: Gaspatxo bric
[2025-05-24 20:00:46] Attempting to insert product: {'name': 'Salmorejo bric', 'price': 2.3, 'category': 'drinks', 'store_id': 'bonarea', 'quantity': '1 l'}
[2025-05-24 20:00:46] Supabase Response: data=[{'name': 'Salmorejo bric', 'price': 2.3, 'category': 'drinks', 'store_id': 'bonarea', 'quantity': '1 l', 'id': '130eb4cb-042e-4ee6-ab7a-ba38bd4bef55', 'created_at': '2025-05-24T17:00:45.137916'}] count=None
[2025-05-24 20:00:46] ✅ Successfully inserted: Salmorejo bric
[2025-05-24 20:00:46] Attempting to insert product: {'name': 'Gaspatxo estil andalús', 'price': 1.1, 'category': 'drinks', 'store_id': 'bonarea', 'quantity': '300 g'}
[2025-05-24 20:00:46] Supabase Response: data=[{'name': 'Gaspatxo estil andalús', 'price': 1.1, 'category': 'drinks', 'store_id': 'bonarea', 'quantity': '300 g', 'id': '0b9082d0-5bfa-4d6e-b646-da7fd254a64c', 'created_at': '2025-05-24T17:00:45.385669'}] count=None
[2025-05-24 20:00:46] ✅ Successfully inserted: Gaspatxo estil andalús
[2025-05-24 20:00:46] Attempting to insert product: {'name': 'Gaspatxo de maduixa', 'price': 1.25, 'category': 'drinks', 'store_id': 'bonarea', 'quantity': '300 g'}
[2025-05-24 20:00:46] Supabase Response: data=[{'name': 'Gaspatxo de maduixa', 'price': 1.25, 'category': 'drinks', 'store_id': 'bonarea', 'quantity': '300 g', 'id': 'f2644686-274c-49bf-9a2a-08d4c3598e7c', 'created_at': '2025-05-24T17:00:45.627289'}] count=None
[2025-05-24 20:00:46] ✅ Successfully inserted: Gaspatxo de maduixa
[2025-05-24 20:00:46] Attempting to insert product: {'name': 'Hummus', 'price': 0.94, 'category': 'drinks', 'store_id': 'bonarea', 'quantity': '200 g'}
[2025-05-24 20:00:47] Supabase Response: data=[{'name': 'Hummus', 'price': 0.94, 'category': 'drinks', 'store_id': 'bonarea', 'quantity': '200 g', 'id': '41aef1e7-9735-4458-8dcd-3de2942ee813', 'created_at': '2025-05-24T17:00:45.887465'}] count=None
[2025-05-24 20:00:47] ✅ Successfully inserted: Hummus
[2025-05-24 20:00:47] Attempting to insert product: {'name': 'Cap de llom filetejat a la planxa', 'price': 2.4, 'category': 'drinks', 'store_id': 'bonarea', 'quantity': 'aprox. 198 g'}
[2025-05-24 20:00:47] Supabase Response: data=[{'name': 'Cap de llom filetejat a la planxa', 'price': 2.4, 'category': 'drinks', 'store_id': 'bonarea', 'quantity': 'aprox. 198 g', 'id': '98654890-2bb3-40d5-97f6-949332d4f943', 'created_at': '2025-05-24T17:00:46.149365'}] count=None
[2025-05-24 20:00:47] ✅ Successfully inserted: Cap de llom filetejat a la planxa
[2025-05-24 20:00:47] Attempting to insert product: {'name': "Conill d'espatlla d'anoll", 'price': 16.91, 'category': 'drinks', 'store_id': 'bonarea', 'quantity': 'aprox. 1,6 kg'}
[2025-05-24 20:00:47] Supabase Response: data=[{'name': "Conill d'espatlla d'anoll", 'price': 16.91, 'category': 'drinks', 'store_id': 'bonarea', 'quantity': 'aprox. 1,6 kg', 'id': 'fa8ce571-8b8d-45b8-9fef-d6ddd81cc4fd', 'created_at': '2025-05-24T17:00:46.410752'}] count=None
[2025-05-24 20:00:47] ✅ Successfully inserted: Conill d'espatlla d'anoll
[2025-05-24 20:00:47] Attempting to insert product: {'name': "Jarret d'anoll", 'price': 22.76, 'category': 'drinks', 'store_id': 'bonarea', 'quantity': 'aprox. 2,0 kg'}
[2025-05-24 20:00:47] Supabase Response: data=[{'name': "Jarret d'anoll", 'price': 22.76, 'category': 'drinks', 'store_id': 'bonarea', 'quantity': 'aprox. 2,0 kg', 'id': '74e60ab1-92b0-4128-94fc-8ae575fa351d', 'created_at': '2025-05-24T17:00:46.677211'}] count=None
[2025-05-24 20:00:47] ✅ Successfully inserted: Jarret d'anoll
[2025-05-24 20:00:47] Attempting to insert product: {'name': 'Mixt de bull negre i donegal', 'price': 1.1, 'category': 'drinks', 'store_id': 'bonarea', 'quantity': 'aprox. 143 g'}
[2025-05-24 20:00:48] Supabase Response: data=[{'name': 'Mixt de bull negre i donegal', 'price': 1.1, 'category': 'drinks', 'store_id': 'bonarea', 'quantity': 'aprox. 143 g', 'id': '5165095e-450d-40a9-bb34-f6d24ea1dd81', 'created_at': '2025-05-24T17:00:46.952991'}] count=None
[2025-05-24 20:00:48] ✅ Successfully inserted: Mixt de bull negre i donegal
[2025-05-24 20:00:48] Attempting to insert product: {'name': 'Càpsules Nescafé Dolce Gusto espresso intens', 'price': 4.25, 'category': 'drinks', 'store_id': 'bonarea', 'quantity': '16 u.'}
[2025-05-24 20:00:48] Supabase Response: data=[{'name': 'Càpsules Nescafé Dolce Gusto espresso intens', 'price': 4.25, 'category': 'drinks', 'store_id': 'bonarea', 'quantity': '16 u.', 'id': '7c1e7e61-6c1b-4e4f-8299-a39d91edb1a1', 'created_at': '2025-05-24T17:00:47.221131'}] count=None
[2025-05-24 20:00:48] ✅ Successfully inserted: Càpsules Nescafé Dolce Gusto espresso intens
[2025-05-24 20:00:48] Attempting to insert product: {'name': 'Salmó adults', 'price': 13.8, 'category': 'drinks', 'store_id': 'bonarea', 'quantity': '10 kg'}
[2025-05-24 20:00:48] Supabase Response: data=[{'name': 'Salmó adults', 'price': 13.8, 'category': 'drinks', 'store_id': 'bonarea', 'quantity': '10 kg', 'id': '19c54f06-ea8a-45af-b7f8-173b7922612a', 'created_at': '2025-05-24T17:00:47.571654'}] count=None
[2025-05-24 20:00:48] ✅ Successfully inserted: Salmó adults
[2025-05-24 20:00:48] Attempting to insert product: {'name': 'Salmó adults', 'price': 4.44, 'category': 'drinks', 'store_id': 'bonarea', 'quantity': '3 kg'}
[2025-05-24 20:00:49] Supabase Response: data=[{'name': 'Salmó adults', 'price': 4.44, 'category': 'drinks', 'store_id': 'bonarea', 'quantity': '3 kg', 'id': '1403d801-e3e6-40cb-9803-87c14bba1d57', 'created_at': '2025-05-24T17:00:47.827267'}] count=None
[2025-05-24 20:00:49] ✅ Successfully inserted: Salmó adults
[2025-05-24 20:00:49] Attempting to insert product: {'name': 'Original adults', 'price': 13.6, 'category': 'drinks', 'store_id': 'bonarea', 'quantity': '10 kg'}
[2025-05-24 20:00:49] Supabase Response: data=[{'name': 'Original adults', 'price': 13.6, 'category': 'drinks', 'store_id': 'bonarea', 'quantity': '10 kg', 'id': 'd5e09c99-7578-41ed-993e-fc3150201aef', 'created_at': '2025-05-24T17:00:48.188131'}] count=None
[2025-05-24 20:00:49] ✅ Successfully inserted: Original adults
[2025-05-24 20:00:49] Attempting to insert product: {'name': 'Original adults', 'price': 4.38, 'category': 'drinks', 'store_id': 'bonarea', 'quantity': '3 kg'}
[2025-05-24 20:00:49] Supabase Response: data=[{'name': 'Original adults', 'price': 4.38, 'category': 'drinks', 'store_id': 'bonarea', 'quantity': '3 kg', 'id': 'b2470b2c-0aba-42c4-ad35-eb3a8954f527', 'created_at': '2025-05-24T17:00:48.493945'}] count=None
[2025-05-24 20:00:49] ✅ Successfully inserted: Original adults
[2025-05-24 20:00:49] Attempting to insert product: {'name': 'Junior 2-12 mesos', 'price': 15.9, 'category': 'drinks', 'store_id': 'bonarea', 'quantity': '10 kg'}
[2025-05-24 20:00:50] Supabase Response: data=[{'name': 'Junior 2-12 mesos', 'price': 15.9, 'category': 'drinks', 'store_id': 'bonarea', 'quantity': '10 kg', 'id': '7d76ef4d-e6c1-4b1d-a75c-2674b21dc145', 'created_at': '2025-05-24T17:00:48.808164'}] count=None
[2025-05-24 20:00:50] ✅ Successfully inserted: Junior 2-12 mesos
[2025-05-24 20:00:50] Attempting to insert product: {'name': 'Junior 2-12 mesos', 'price': 5.07, 'category': 'drinks', 'store_id': 'bonarea', 'quantity': '3 kg'}
[2025-05-24 20:00:50] Supabase Response: data=[{'name': 'Junior 2-12 mesos', 'price': 5.07, 'category': 'drinks', 'store_id': 'bonarea', 'quantity': '3 kg', 'id': '5a15b07b-45d7-408e-b06a-7e84859570c4', 'created_at': '2025-05-24T17:00:49.112209'}] count=None
[2025-05-24 20:00:50] ✅ Successfully inserted: Junior 2-12 mesos
[2025-05-24 20:00:50] Attempting to insert product: {'name': 'Pit de pollastre groc sencer', 'price': 4.54, 'category': 'drinks', 'store_id': 'bonarea', 'quantity': 'aprox. 693 g'}
[2025-05-24 20:00:50] Supabase Response: data=[{'name': 'Pit de pollastre groc sencer', 'price': 4.54, 'category': 'drinks', 'store_id': 'bonarea', 'quantity': 'aprox. 693 g', 'id': '284ad353-47f4-4754-afd0-b98e72202f88', 'created_at': '2025-05-24T17:00:49.423236'}] count=None
[2025-05-24 20:00:50] ✅ Successfully inserted: Pit de pollastre groc sencer
[2025-05-24 20:00:50] Attempting to insert product: {'name': 'Pernilets de pollastre groc', 'price': 3.64, 'category': 'drinks', 'store_id': 'bonarea', 'quantity': 'aprox. 1,0 kg'}
[2025-05-24 20:00:50] Supabase Response: data=[{'name': 'Pernilets de pollastre groc', 'price': 3.64, 'category': 'drinks', 'store_id': 'bonarea', 'quantity': 'aprox. 1,0 kg', 'id': '25c17eaa-a087-486c-9840-3bad6c82adaf', 'created_at': '2025-05-24T17:00:49.726904'}] count=None
[2025-05-24 20:00:50] ✅ Successfully inserted: Pernilets de pollastre groc
[2025-05-24 20:00:50] Attempting to insert product: {'name': 'Pit de pollastre blanc sencer', 'price': 4.68, 'category': 'drinks', 'store_id': 'bonarea', 'quantity': 'aprox. 715 g'}
[2025-05-24 20:00:51] Supabase Response: data=[{'name': 'Pit de pollastre blanc sencer', 'price': 4.68, 'category': 'drinks', 'store_id': 'bonarea', 'quantity': 'aprox. 715 g', 'id': '9f9ee562-5b4e-4d2f-8936-0d938d65d0bb', 'created_at': '2025-05-24T17:00:50.049237'}] count=None
[2025-05-24 20:00:51] ✅ Successfully inserted: Pit de pollastre blanc sencer
[2025-05-24 20:00:51] Attempting to insert product: {'name': 'Pernilets de pollastre blanc', 'price': 3.8, 'category': 'drinks', 'store_id': 'bonarea', 'quantity': 'aprox. 1,1 kg'}
[2025-05-24 20:00:51] Supabase Response: data=[{'name': 'Pernilets de pollastre blanc', 'price': 3.8, 'category': 'drinks', 'store_id': 'bonarea', 'quantity': 'aprox. 1,1 kg', 'id': '5b51577a-2bab-4c6f-9748-314b004184c0', 'created_at': '2025-05-24T17:00:50.34554'}] count=None
[2025-05-24 20:00:51] ✅ Successfully inserted: Pernilets de pollastre blanc
[2025-05-24 20:00:51] Attempting to insert product: {'name': 'Pit de pollastre groc filetejat', 'price': 4.69, 'category': 'drinks', 'store_id': 'bonarea', 'quantity': 'aprox. 660 g'}
[2025-05-24 20:00:51] Supabase Response: data=[{'name': 'Pit de pollastre groc filetejat', 'price': 4.69, 'category': 'drinks', 'store_id': 'bonarea', 'quantity': 'aprox. 660 g', 'id': '882d89e0-b979-4cf1-9fab-eb96a22e6eda', 'created_at': '2025-05-24T17:00:50.659966'}] count=None
[2025-05-24 20:00:51] ✅ Successfully inserted: Pit de pollastre groc filetejat
[2025-05-24 20:00:51] Attempting to insert product: {'name': 'Pit de pollastre sencer 65% cereals', 'price': 4.57, 'category': 'drinks', 'store_id': 'bonarea', 'quantity': 'aprox. 605 g'}
[2025-05-24 20:00:52] Supabase Response: data=[{'name': 'Pit de pollastre sencer 65% cereals', 'price': 4.57, 'category': 'drinks', 'store_id': 'bonarea', 'quantity': 'aprox. 605 g', 'id': '43c42151-ba53-467a-8cb0-ef9006b99f99', 'created_at': '2025-05-24T17:00:50.952805'}] count=None
[2025-05-24 20:00:52] ✅ Successfully inserted: Pit de pollastre sencer 65% cereals
[2025-05-24 20:00:56] Attempting to insert product: {'name': 'Gaspatxo', 'price': 2.85, 'category': 'drinks', 'store_id': 'bonarea', 'quantity': '1 l'}
[2025-05-24 20:00:56] Supabase Response: data=[{'name': 'Gaspatxo', 'price': 2.85, 'category': 'drinks', 'store_id': 'bonarea', 'quantity': '1 l', 'id': '92ec2ff7-0bcc-4340-a77e-91ec96466362', 'created_at': '2025-05-24T17:00:55.059306'}] count=None
[2025-05-24 20:00:56] ✅ Successfully inserted: Gaspatxo
[2025-05-24 20:00:56] Attempting to insert product: {'name': 'Salmorejo', 'price': 3.15, 'category': 'drinks', 'store_id': 'bonarea', 'quantity': '1 l'}
[2025-05-24 20:00:56] Supabase Response: data=[{'name': 'Salmorejo', 'price': 3.15, 'category': 'drinks', 'store_id': 'bonarea', 'quantity': '1 l', 'id': 'b136ffe9-0122-4ca2-9159-e37fa11aed0f', 'created_at': '2025-05-24T17:00:55.326409'}] count=None
[2025-05-24 20:00:56] ✅ Successfully inserted: Salmorejo
[2025-05-24 20:00:56] Attempting to insert product: {'name': 'Gaspatxo bric', 'price': 1.95, 'category': 'drinks', 'store_id': 'bonarea', 'quantity': '1 l'}
[2025-05-24 20:00:56] Supabase Response: data=[{'name': 'Gaspatxo bric', 'price': 1.95, 'category': 'drinks', 'store_id': 'bonarea', 'quantity': '1 l', 'id': 'bdff2f5f-44ff-47c3-aea5-1e01544a376e', 'created_at': '2025-05-24T17:00:55.603715'}] count=None
[2025-05-24 20:00:56] ✅ Successfully inserted: Gaspatxo bric
[2025-05-24 20:00:56] Attempting to insert product: {'name': 'Salmorejo bric', 'price': 2.3, 'category': 'drinks', 'store_id': 'bonarea', 'quantity': '1 l'}
[2025-05-24 20:00:57] Supabase Response: data=[{'name': 'Salmorejo bric', 'price': 2.3, 'category': 'drinks', 'store_id': 'bonarea', 'quantity': '1 l', 'id': '013eec63-7b55-47f6-8df9-b02e24c9b1a6', 'created_at': '2025-05-24T17:00:55.855624'}] count=None
[2025-05-24 20:00:57] ✅ Successfully inserted: Salmorejo bric
[2025-05-24 20:00:57] Attempting to insert product: {'name': 'Gaspatxo estil andalús', 'price': 1.1, 'category': 'drinks', 'store_id': 'bonarea', 'quantity': '300 g'}
[2025-05-24 20:00:57] Supabase Response: data=[{'name': 'Gaspatxo estil andalús', 'price': 1.1, 'category': 'drinks', 'store_id': 'bonarea', 'quantity': '300 g', 'id': '2d6bf46c-7faf-4a06-a7c0-60039b31b1a0', 'created_at': '2025-05-24T17:00:56.131326'}] count=None
[2025-05-24 20:00:57] ✅ Successfully inserted: Gaspatxo estil andalús
[2025-05-24 20:00:57] Attempting to insert product: {'name': 'Gaspatxo de maduixa', 'price': 1.25, 'category': 'drinks', 'store_id': 'bonarea', 'quantity': '300 g'}
[2025-05-24 20:00:57] Supabase Response: data=[{'name': 'Gaspatxo de maduixa', 'price': 1.25, 'category': 'drinks', 'store_id': 'bonarea', 'quantity': '300 g', 'id': '8ffed021-6560-4a1a-ac53-9cafad88908d', 'created_at': '2025-05-24T17:00:56.397679'}] count=None
[2025-05-24 20:00:57] ✅ Successfully inserted: Gaspatxo de maduixa
[2025-05-24 20:00:57] Attempting to insert product: {'name': 'Hummus', 'price': 0.94, 'category': 'drinks', 'store_id': 'bonarea', 'quantity': '200 g'}
[2025-05-24 20:00:57] Supabase Response: data=[{'name': 'Hummus', 'price': 0.94, 'category': 'drinks', 'store_id': 'bonarea', 'quantity': '200 g', 'id': '7d216afb-85b7-4c32-8b9a-11e1fd56bb61', 'created_at': '2025-05-24T17:00:56.664639'}] count=None
[2025-05-24 20:00:57] ✅ Successfully inserted: Hummus
[2025-05-24 20:00:57] Attempting to insert product: {'name': 'Cap de llom filetejat a la planxa', 'price': 2.4, 'category': 'drinks', 'store_id': 'bonarea', 'quantity': 'aprox. 198 g'}
[2025-05-24 20:00:58] Supabase Response: data=[{'name': 'Cap de llom filetejat a la planxa', 'price': 2.4, 'category': 'drinks', 'store_id': 'bonarea', 'quantity': 'aprox. 198 g', 'id': '3e3531f8-bde2-4d96-9efb-2ed8aaecbe74', 'created_at': '2025-05-24T17:00:56.930185'}] count=None
[2025-05-24 20:00:58] ✅ Successfully inserted: Cap de llom filetejat a la planxa
[2025-05-24 20:00:58] Attempting to insert product: {'name': "Conill d'espatlla d'anoll", 'price': 16.91, 'category': 'drinks', 'store_id': 'bonarea', 'quantity': 'aprox. 1,6 kg'}
[2025-05-24 20:00:58] Supabase Response: data=[{'name': "Conill d'espatlla d'anoll", 'price': 16.91, 'category': 'drinks', 'store_id': 'bonarea', 'quantity': 'aprox. 1,6 kg', 'id': 'da75c6d5-382a-4f1b-8b7f-eeacbcdce6a7', 'created_at': '2025-05-24T17:00:57.282132'}] count=None
[2025-05-24 20:00:58] ✅ Successfully inserted: Conill d'espatlla d'anoll
[2025-05-24 20:00:58] Attempting to insert product: {'name': "Jarret d'anoll", 'price': 22.76, 'category': 'drinks', 'store_id': 'bonarea', 'quantity': 'aprox. 2,0 kg'}
[2025-05-24 20:00:58] Supabase Response: data=[{'name': "Jarret d'anoll", 'price': 22.76, 'category': 'drinks', 'store_id': 'bonarea', 'quantity': 'aprox. 2,0 kg', 'id': '4868cfe7-8c69-4f2b-946b-78c129dc9ade', 'created_at': '2025-05-24T17:00:57.631982'}] count=None
[2025-05-24 20:00:58] ✅ Successfully inserted: Jarret d'anoll
[2025-05-24 20:00:58] Attempting to insert product: {'name': 'Mixt de bull negre i donegal', 'price': 1.1, 'category': 'drinks', 'store_id': 'bonarea', 'quantity': 'aprox. 143 g'}
[2025-05-24 20:00:59] Supabase Response: data=[{'name': 'Mixt de bull negre i donegal', 'price': 1.1, 'category': 'drinks', 'store_id': 'bonarea', 'quantity': 'aprox. 143 g', 'id': '3843db7f-a65f-4d08-ac25-05beaace09ae', 'created_at': '2025-05-24T17:00:57.896688'}] count=None
[2025-05-24 20:00:59] ✅ Successfully inserted: Mixt de bull negre i donegal
[2025-05-24 20:00:59] Attempting to insert product: {'name': 'Càpsules Nescafé Dolce Gusto espresso intens', 'price': 4.25, 'category': 'drinks', 'store_id': 'bonarea', 'quantity': '16 u.'}
[2025-05-24 20:00:59] Supabase Response: data=[{'name': 'Càpsules Nescafé Dolce Gusto espresso intens', 'price': 4.25, 'category': 'drinks', 'store_id': 'bonarea', 'quantity': '16 u.', 'id': '6658378b-9d2d-4196-a2dd-7036b75ae35f', 'created_at': '2025-05-24T17:00:58.245568'}] count=None
[2025-05-24 20:00:59] ✅ Successfully inserted: Càpsules Nescafé Dolce Gusto espresso intens
[2025-05-24 20:00:59] Attempting to insert product: {'name': 'Salmó adults', 'price': 13.8, 'category': 'drinks', 'store_id': 'bonarea', 'quantity': '10 kg'}
[2025-05-24 20:00:59] Supabase Response: data=[{'name': 'Salmó adults', 'price': 13.8, 'category': 'drinks', 'store_id': 'bonarea', 'quantity': '10 kg', 'id': '504f2a82-dcb6-47e6-ae13-0fa9ceec13dd', 'created_at': '2025-05-24T17:00:58.54813'}] count=None
[2025-05-24 20:00:59] ✅ Successfully inserted: Salmó adults
[2025-05-24 20:00:59] Attempting to insert product: {'name': 'Salmó adults', 'price': 4.44, 'category': 'drinks', 'store_id': 'bonarea', 'quantity': '3 kg'}
[2025-05-24 20:01:00] Supabase Response: data=[{'name': 'Salmó adults', 'price': 4.44, 'category': 'drinks', 'store_id': 'bonarea', 'quantity': '3 kg', 'id': '8ce11bf8-eb47-48d0-8103-be2e1e14c62a', 'created_at': '2025-05-24T17:00:58.859722'}] count=None
[2025-05-24 20:01:00] ✅ Successfully inserted: Salmó adults
[2025-05-24 20:01:00] Attempting to insert product: {'name': 'Original adults', 'price': 13.6, 'category': 'drinks', 'store_id': 'bonarea', 'quantity': '10 kg'}
[2025-05-24 20:01:00] Supabase Response: data=[{'name': 'Original adults', 'price': 13.6, 'category': 'drinks', 'store_id': 'bonarea', 'quantity': '10 kg', 'id': '36f964e0-e399-426f-8ce2-0ae2cd73537d', 'created_at': '2025-05-24T17:00:59.252863'}] count=None
[2025-05-24 20:01:00] ✅ Successfully inserted: Original adults
[2025-05-24 20:01:00] Attempting to insert product: {'name': 'Original adults', 'price': 4.38, 'category': 'drinks', 'store_id': 'bonarea', 'quantity': '3 kg'}
[2025-05-24 20:01:00] Supabase Response: data=[{'name': 'Original adults', 'price': 4.38, 'category': 'drinks', 'store_id': 'bonarea', 'quantity': '3 kg', 'id': '013ed7d1-4281-4bf3-aea3-a8e11fd89612', 'created_at': '2025-05-24T17:00:59.515338'}] count=None
[2025-05-24 20:01:00] ✅ Successfully inserted: Original adults
[2025-05-24 20:01:00] Attempting to insert product: {'name': 'Junior 2-12 mesos', 'price': 15.9, 'category': 'drinks', 'store_id': 'bonarea', 'quantity': '10 kg'}
[2025-05-24 20:01:01] Supabase Response: data=[{'name': 'Junior 2-12 mesos', 'price': 15.9, 'category': 'drinks', 'store_id': 'bonarea', 'quantity': '10 kg', 'id': '64f93294-16b8-4ddd-8bec-1e7435050935', 'created_at': '2025-05-24T17:00:59.88172'}] count=None
[2025-05-24 20:01:01] ✅ Successfully inserted: Junior 2-12 mesos
[2025-05-24 20:01:01] Attempting to insert product: {'name': 'Junior 2-12 mesos', 'price': 5.07, 'category': 'drinks', 'store_id': 'bonarea', 'quantity': '3 kg'}
[2025-05-24 20:01:01] Supabase Response: data=[{'name': 'Junior 2-12 mesos', 'price': 5.07, 'category': 'drinks', 'store_id': 'bonarea', 'quantity': '3 kg', 'id': '3bdc97f1-1951-437b-84f6-14c7ff6a5b40', 'created_at': '2025-05-24T17:01:00.240544'}] count=None
[2025-05-24 20:01:01] ✅ Successfully inserted: Junior 2-12 mesos
[2025-05-24 20:01:01] Attempting to insert product: {'name': 'Pit de pollastre groc sencer', 'price': 4.54, 'category': 'drinks', 'store_id': 'bonarea', 'quantity': 'aprox. 693 g'}
[2025-05-24 20:01:01] Supabase Response: data=[{'name': 'Pit de pollastre groc sencer', 'price': 4.54, 'category': 'drinks', 'store_id': 'bonarea', 'quantity': 'aprox. 693 g', 'id': '24b64cd6-a1c3-4a16-9705-a0d6aec96cf0', 'created_at': '2025-05-24T17:01:00.583024'}] count=None
[2025-05-24 20:01:01] ✅ Successfully inserted: Pit de pollastre groc sencer
[2025-05-24 20:01:01] Attempting to insert product: {'name': 'Pernilets de pollastre groc', 'price': 3.64, 'category': 'drinks', 'store_id': 'bonarea', 'quantity': 'aprox. 1,0 kg'}
[2025-05-24 20:01:02] Supabase Response: data=[{'name': 'Pernilets de pollastre groc', 'price': 3.64, 'category': 'drinks', 'store_id': 'bonarea', 'quantity': 'aprox. 1,0 kg', 'id': '18e69395-d78a-4a9f-8d32-4dc10618407c', 'created_at': '2025-05-24T17:01:00.922947'}] count=None
[2025-05-24 20:01:02] ✅ Successfully inserted: Pernilets de pollastre groc
[2025-05-24 20:01:02] Attempting to insert product: {'name': 'Pit de pollastre blanc sencer', 'price': 4.68, 'category': 'drinks', 'store_id': 'bonarea', 'quantity': 'aprox. 715 g'}
[2025-05-24 20:01:02] Supabase Response: data=[{'name': 'Pit de pollastre blanc sencer', 'price': 4.68, 'category': 'drinks', 'store_id': 'bonarea', 'quantity': 'aprox. 715 g', 'id': 'ae6b5faa-93ea-48d9-abca-8b7219976954', 'created_at': '2025-05-24T17:01:01.296753'}] count=None
[2025-05-24 20:01:02] ✅ Successfully inserted: Pit de pollastre blanc sencer
[2025-05-24 20:01:02] Attempting to insert product: {'name': 'Pernilets de pollastre blanc', 'price': 3.8, 'category': 'drinks', 'store_id': 'bonarea', 'quantity': 'aprox. 1,1 kg'}
[2025-05-24 20:01:02] Supabase Response: data=[{'name': 'Pernilets de pollastre blanc', 'price': 3.8, 'category': 'drinks', 'store_id': 'bonarea', 'quantity': 'aprox. 1,1 kg', 'id': '7906f4fa-b4b1-421a-b537-a244e6e29c90', 'created_at': '2025-05-24T17:01:01.604195'}] count=None
[2025-05-24 20:01:02] ✅ Successfully inserted: Pernilets de pollastre blanc
[2025-05-24 20:01:02] Attempting to insert product: {'name': 'Pit de pollastre groc filetejat', 'price': 4.69, 'category': 'drinks', 'store_id': 'bonarea', 'quantity': 'aprox. 660 g'}
[2025-05-24 20:01:03] Supabase Response: data=[{'name': 'Pit de pollastre groc filetejat', 'price': 4.69, 'category': 'drinks', 'store_id': 'bonarea', 'quantity': 'aprox. 660 g', 'id': '18c856a5-9da2-462e-bd16-e5369ccea0a7', 'created_at': '2025-05-24T17:01:01.912153'}] count=None
[2025-05-24 20:01:03] ✅ Successfully inserted: Pit de pollastre groc filetejat
[2025-05-24 20:01:03] Attempting to insert product: {'name': 'Pit de pollastre sencer 65% cereals', 'price': 4.57, 'category': 'drinks', 'store_id': 'bonarea', 'quantity': 'aprox. 605 g'}
[2025-05-24 20:01:03] Supabase Response: data=[{'name': 'Pit de pollastre sencer 65% cereals', 'price': 4.57, 'category': 'drinks', 'store_id': 'bonarea', 'quantity': 'aprox. 605 g', 'id': '63092be9-7248-4584-b8d6-a83526319424', 'created_at': '2025-05-24T17:01:02.220581'}] count=None
[2025-05-24 20:01:03] ✅ Successfully inserted: Pit de pollastre sencer 65% cereals
[2025-05-24 20:01:07] Attempting to insert product: {'name': 'Gaspatxo', 'price': 2.85, 'category': 'drinks', 'store_id': 'bonarea', 'quantity': '1 l'}
[2025-05-24 20:01:07] Supabase Response: data=[{'name': 'Gaspatxo', 'price': 2.85, 'category': 'drinks', 'store_id': 'bonarea', 'quantity': '1 l', 'id': '67166188-ec3f-4826-8021-795bd9dad6c2', 'created_at': '2025-05-24T17:01:06.318088'}] count=None
[2025-05-24 20:01:07] ✅ Successfully inserted: Gaspatxo
[2025-05-24 20:01:07] Attempting to insert product: {'name': 'Salmorejo', 'price': 3.15, 'category': 'drinks', 'store_id': 'bonarea', 'quantity': '1 l'}
[2025-05-24 20:01:07] Supabase Response: data=[{'name': 'Salmorejo', 'price': 3.15, 'category': 'drinks', 'store_id': 'bonarea', 'quantity': '1 l', 'id': '3b314f8c-4ff6-429b-8378-d527a3f643f5', 'created_at': '2025-05-24T17:01:06.637211'}] count=None
[2025-05-24 20:01:07] ✅ Successfully inserted: Salmorejo
[2025-05-24 20:01:07] Attempting to insert product: {'name': 'Gaspatxo bric', 'price': 1.95, 'category': 'drinks', 'store_id': 'bonarea', 'quantity': '1 l'}
[2025-05-24 20:01:08] Supabase Response: data=[{'name': 'Gaspatxo bric', 'price': 1.95, 'category': 'drinks', 'store_id': 'bonarea', 'quantity': '1 l', 'id': '2e07954b-8f64-4e4a-b994-9c05d74e3743', 'created_at': '2025-05-24T17:01:06.932153'}] count=None
[2025-05-24 20:01:08] ✅ Successfully inserted: Gaspatxo bric
[2025-05-24 20:01:08] Attempting to insert product: {'name': 'Salmorejo bric', 'price': 2.3, 'category': 'drinks', 'store_id': 'bonarea', 'quantity': '1 l'}
[2025-05-24 20:01:08] Supabase Response: data=[{'name': 'Salmorejo bric', 'price': 2.3, 'category': 'drinks', 'store_id': 'bonarea', 'quantity': '1 l', 'id': '05a9eae2-396f-4747-9860-bd228a5cd1e6', 'created_at': '2025-05-24T17:01:07.249805'}] count=None
[2025-05-24 20:01:08] ✅ Successfully inserted: Salmorejo bric
[2025-05-24 20:01:08] Attempting to insert product: {'name': 'Gaspatxo estil andalús', 'price': 1.1, 'category': 'drinks', 'store_id': 'bonarea', 'quantity': '300 g'}
[2025-05-24 20:01:08] Supabase Response: data=[{'name': 'Gaspatxo estil andalús', 'price': 1.1, 'category': 'drinks', 'store_id': 'bonarea', 'quantity': '300 g', 'id': '3a6ddfac-3611-479f-9103-302f42ce6b45', 'created_at': '2025-05-24T17:01:07.536584'}] count=None
[2025-05-24 20:01:08] ✅ Successfully inserted: Gaspatxo estil andalús
[2025-05-24 20:01:08] Attempting to insert product: {'name': 'Gaspatxo de maduixa', 'price': 1.25, 'category': 'drinks', 'store_id': 'bonarea', 'quantity': '300 g'}
[2025-05-24 20:01:09] Supabase Response: data=[{'name': 'Gaspatxo de maduixa', 'price': 1.25, 'category': 'drinks', 'store_id': 'bonarea', 'quantity': '300 g', 'id': '6e72cc29-bfad-4cfb-a19b-33d625ade78e', 'created_at': '2025-05-24T17:01:07.875807'}] count=None
[2025-05-24 20:01:09] ✅ Successfully inserted: Gaspatxo de maduixa
[2025-05-24 20:01:09] Attempting to insert product: {'name': 'Hummus', 'price': 0.94, 'category': 'drinks', 'store_id': 'bonarea', 'quantity': '200 g'}
[2025-05-24 20:01:09] Supabase Response: data=[{'name': 'Hummus', 'price': 0.94, 'category': 'drinks', 'store_id': 'bonarea', 'quantity': '200 g', 'id': '8baecd6c-06ed-4897-bbe9-8970aca9522c', 'created_at': '2025-05-24T17:01:08.178441'}] count=None
[2025-05-24 20:01:09] ✅ Successfully inserted: Hummus
[2025-05-24 20:01:09] Attempting to insert product: {'name': 'Cap de llom filetejat a la planxa', 'price': 2.4, 'category': 'drinks', 'store_id': 'bonarea', 'quantity': 'aprox. 198 g'}
[2025-05-24 20:01:09] Supabase Response: data=[{'name': 'Cap de llom filetejat a la planxa', 'price': 2.4, 'category': 'drinks', 'store_id': 'bonarea', 'quantity': 'aprox. 198 g', 'id': '01160d3e-64e7-4b02-a930-cfdb7793173e', 'created_at': '2025-05-24T17:01:08.478867'}] count=None
[2025-05-24 20:01:09] ✅ Successfully inserted: Cap de llom filetejat a la planxa
[2025-05-24 20:01:09] Attempting to insert product: {'name': "Conill d'espatlla d'anoll", 'price': 16.91, 'category': 'drinks', 'store_id': 'bonarea', 'quantity': 'aprox. 1,6 kg'}
[2025-05-24 20:01:09] Supabase Response: data=[{'name': "Conill d'espatlla d'anoll", 'price': 16.91, 'category': 'drinks', 'store_id': 'bonarea', 'quantity': 'aprox. 1,6 kg', 'id': 'b5cb9604-c057-46e0-89ee-4e95dc858cd0', 'created_at': '2025-05-24T17:01:08.778516'}] count=None
[2025-05-24 20:01:09] ✅ Successfully inserted: Conill d'espatlla d'anoll
[2025-05-24 20:01:10] Attempting to insert product: {'name': "Jarret d'anoll", 'price': 22.76, 'category': 'drinks', 'store_id': 'bonarea', 'quantity': 'aprox. 2,0 kg'}
[2025-05-24 20:01:10] Supabase Response: data=[{'name': "Jarret d'anoll", 'price': 22.76, 'category': 'drinks', 'store_id': 'bonarea', 'quantity': 'aprox. 2,0 kg', 'id': '12ceb3d9-97cc-4fb1-96c9-4c8634fa8e47', 'created_at': '2025-05-24T17:01:09.095868'}] count=None
[2025-05-24 20:01:10] ✅ Successfully inserted: Jarret d'anoll
[2025-05-24 20:01:10] Attempting to insert product: {'name': 'Mixt de bull negre i donegal', 'price': 1.1, 'category': 'drinks', 'store_id': 'bonarea', 'quantity': 'aprox. 143 g'}
[2025-05-24 20:01:10] Supabase Response: data=[{'name': 'Mixt de bull negre i donegal', 'price': 1.1, 'category': 'drinks', 'store_id': 'bonarea', 'quantity': 'aprox. 143 g', 'id': '9dc7ea44-d1bf-4694-9303-0b4052cd7b53', 'created_at': '2025-05-24T17:01:09.389239'}] count=None
[2025-05-24 20:01:10] ✅ Successfully inserted: Mixt de bull negre i donegal
[2025-05-24 20:01:10] Attempting to insert product: {'name': 'Càpsules Nescafé Dolce Gusto espresso intens', 'price': 4.25, 'category': 'drinks', 'store_id': 'bonarea', 'quantity': '16 u.'}
[2025-05-24 20:01:10] Supabase Response: data=[{'name': 'Càpsules Nescafé Dolce Gusto espresso intens', 'price': 4.25, 'category': 'drinks', 'store_id': 'bonarea', 'quantity': '16 u.', 'id': '7a6fa365-3274-4191-9631-2e0284b69789', 'created_at': '2025-05-24T17:01:09.687421'}] count=None
[2025-05-24 20:01:10] ✅ Successfully inserted: Càpsules Nescafé Dolce Gusto espresso intens
[2025-05-24 20:01:10] Attempting to insert product: {'name': 'Salmó adults', 'price': 13.8, 'category': 'drinks', 'store_id': 'bonarea', 'quantity': '10 kg'}
[2025-05-24 20:01:11] Supabase Response: data=[{'name': 'Salmó adults', 'price': 13.8, 'category': 'drinks', 'store_id': 'bonarea', 'quantity': '10 kg', 'id': '2c45862b-6d85-4aec-82d6-c7f0079849b5', 'created_at': '2025-05-24T17:01:10.022345'}] count=None
[2025-05-24 20:01:11] ✅ Successfully inserted: Salmó adults
[2025-05-24 20:01:11] Attempting to insert product: {'name': 'Salmó adults', 'price': 4.44, 'category': 'drinks', 'store_id': 'bonarea', 'quantity': '3 kg'}
[2025-05-24 20:01:11] Supabase Response: data=[{'name': 'Salmó adults', 'price': 4.44, 'category': 'drinks', 'store_id': 'bonarea', 'quantity': '3 kg', 'id': '7f7d0002-1e4d-4d73-aada-2f41c54f64ad', 'created_at': '2025-05-24T17:01:10.411925'}] count=None
[2025-05-24 20:01:11] ✅ Successfully inserted: Salmó adults
[2025-05-24 20:01:11] Attempting to insert product: {'name': 'Original adults', 'price': 13.6, 'category': 'drinks', 'store_id': 'bonarea', 'quantity': '10 kg'}
[2025-05-24 20:01:11] Supabase Response: data=[{'name': 'Original adults', 'price': 13.6, 'category': 'drinks', 'store_id': 'bonarea', 'quantity': '10 kg', 'id': '1a4b9b48-930c-494c-9357-0f99c78e8e3d', 'created_at': '2025-05-24T17:01:10.668158'}] count=None
[2025-05-24 20:01:11] ✅ Successfully inserted: Original adults
[2025-05-24 20:01:11] Attempting to insert product: {'name': 'Original adults', 'price': 4.38, 'category': 'drinks', 'store_id': 'bonarea', 'quantity': '3 kg'}
[2025-05-24 20:01:12] Supabase Response: data=[{'name': 'Original adults', 'price': 4.38, 'category': 'drinks', 'store_id': 'bonarea', 'quantity': '3 kg', 'id': '50400df4-3d57-4f98-93a1-ff385a22b338', 'created_at': '2025-05-24T17:01:11.028268'}] count=None
[2025-05-24 20:01:12] ✅ Successfully inserted: Original adults
[2025-05-24 20:01:12] Attempting to insert product: {'name': 'Junior 2-12 mesos', 'price': 15.9, 'category': 'drinks', 'store_id': 'bonarea', 'quantity': '10 kg'}
[2025-05-24 20:01:12] Supabase Response: data=[{'name': 'Junior 2-12 mesos', 'price': 15.9, 'category': 'drinks', 'store_id': 'bonarea', 'quantity': '10 kg', 'id': '2e90ee6d-f709-43cd-b6da-3473b590e523', 'created_at': '2025-05-24T17:01:11.28684'}] count=None
[2025-05-24 20:01:12] ✅ Successfully inserted: Junior 2-12 mesos
[2025-05-24 20:01:12] Attempting to insert product: {'name': 'Junior 2-12 mesos', 'price': 5.07, 'category': 'drinks', 'store_id': 'bonarea', 'quantity': '3 kg'}
[2025-05-24 20:01:12] Supabase Response: data=[{'name': 'Junior 2-12 mesos', 'price': 5.07, 'category': 'drinks', 'store_id': 'bonarea', 'quantity': '3 kg', 'id': 'bee50e53-5cf0-41af-8d1e-9e06906b7768', 'created_at': '2025-05-24T17:01:11.632733'}] count=None
[2025-05-24 20:01:12] ✅ Successfully inserted: Junior 2-12 mesos
[2025-05-24 20:01:12] Attempting to insert product: {'name': 'Pit de pollastre groc sencer', 'price': 4.54, 'category': 'drinks', 'store_id': 'bonarea', 'quantity': 'aprox. 693 g'}
[2025-05-24 20:01:13] Supabase Response: data=[{'name': 'Pit de pollastre groc sencer', 'price': 4.54, 'category': 'drinks', 'store_id': 'bonarea', 'quantity': 'aprox. 693 g', 'id': 'a97e9d4c-e74b-4352-9b5e-32dec087d354', 'created_at': '2025-05-24T17:01:11.96792'}] count=None
[2025-05-24 20:01:13] ✅ Successfully inserted: Pit de pollastre groc sencer
[2025-05-24 20:01:13] Attempting to insert product: {'name': 'Pernilets de pollastre groc', 'price': 3.64, 'category': 'drinks', 'store_id': 'bonarea', 'quantity': 'aprox. 1,0 kg'}
[2025-05-24 20:01:13] Supabase Response: data=[{'name': 'Pernilets de pollastre groc', 'price': 3.64, 'category': 'drinks', 'store_id': 'bonarea', 'quantity': 'aprox. 1,0 kg', 'id': '55c030ab-821a-46a6-b0bc-5681d00b6d3d', 'created_at': '2025-05-24T17:01:12.249649'}] count=None
[2025-05-24 20:01:13] ✅ Successfully inserted: Pernilets de pollastre groc
[2025-05-24 20:01:13] Attempting to insert product: {'name': 'Pit de pollastre blanc sencer', 'price': 4.68, 'category': 'drinks', 'store_id': 'bonarea', 'quantity': 'aprox. 715 g'}
[2025-05-24 20:01:13] Supabase Response: data=[{'name': 'Pit de pollastre blanc sencer', 'price': 4.68, 'category': 'drinks', 'store_id': 'bonarea', 'quantity': 'aprox. 715 g', 'id': '3176118d-c871-49da-acc2-f40b39ccee9b', 'created_at': '2025-05-24T17:01:12.552339'}] count=None
[2025-05-24 20:01:13] ✅ Successfully inserted: Pit de pollastre blanc sencer
[2025-05-24 20:01:13] Attempting to insert product: {'name': 'Pernilets de pollastre blanc', 'price': 3.8, 'category': 'drinks', 'store_id': 'bonarea', 'quantity': 'aprox. 1,1 kg'}
[2025-05-24 20:01:13] Supabase Response: data=[{'name': 'Pernilets de pollastre blanc', 'price': 3.8, 'category': 'drinks', 'store_id': 'bonarea', 'quantity': 'aprox. 1,1 kg', 'id': '08d8dee4-6dbd-418f-9e56-ec4375cf7334', 'created_at': '2025-05-24T17:01:12.849693'}] count=None
[2025-05-24 20:01:13] ✅ Successfully inserted: Pernilets de pollastre blanc
[2025-05-24 20:01:14] Attempting to insert product: {'name': 'Pit de pollastre groc filetejat', 'price': 4.69, 'category': 'drinks', 'store_id': 'bonarea', 'quantity': 'aprox. 660 g'}
[2025-05-24 20:01:14] Supabase Response: data=[{'name': 'Pit de pollastre groc filetejat', 'price': 4.69, 'category': 'drinks', 'store_id': 'bonarea', 'quantity': 'aprox. 660 g', 'id': 'd257b731-8a97-48af-9897-78de02b173bf', 'created_at': '2025-05-24T17:01:13.200796'}] count=None
[2025-05-24 20:01:14] ✅ Successfully inserted: Pit de pollastre groc filetejat
[2025-05-24 20:01:14] Attempting to insert product: {'name': 'Pit de pollastre sencer 65% cereals', 'price': 4.57, 'category': 'drinks', 'store_id': 'bonarea', 'quantity': 'aprox. 605 g'}
[2025-05-24 20:01:14] Supabase Response: data=[{'name': 'Pit de pollastre sencer 65% cereals', 'price': 4.57, 'category': 'drinks', 'store_id': 'bonarea', 'quantity': 'aprox. 605 g', 'id': 'c105b277-b75c-420a-a489-40f0fc685a9b', 'created_at': '2025-05-24T17:01:13.570456'}] count=None
[2025-05-24 20:01:14] ✅ Successfully inserted: Pit de pollastre sencer 65% cereals
[2025-05-24 20:01:18] Attempting to insert product: {'name': 'Gaspatxo', 'price': 2.85, 'category': 'drinks', 'store_id': 'bonarea', 'quantity': '1 l'}
[2025-05-24 20:01:18] Supabase Response: data=[{'name': 'Gaspatxo', 'price': 2.85, 'category': 'drinks', 'store_id': 'bonarea', 'quantity': '1 l', 'id': 'd9b3af39-e706-4b9f-857c-a9924117c4ed', 'created_at': '2025-05-24T17:01:17.782443'}] count=None
[2025-05-24 20:01:18] ✅ Successfully inserted: Gaspatxo
[2025-05-24 20:01:18] Attempting to insert product: {'name': 'Salmorejo', 'price': 3.15, 'category': 'drinks', 'store_id': 'bonarea', 'quantity': '1 l'}
[2025-05-24 20:01:19] Supabase Response: data=[{'name': 'Salmorejo', 'price': 3.15, 'category': 'drinks', 'store_id': 'bonarea', 'quantity': '1 l', 'id': 'a501a131-2e54-4b7b-80fb-e2bf97e01eed', 'created_at': '2025-05-24T17:01:18.114923'}] count=None
[2025-05-24 20:01:19] ✅ Successfully inserted: Salmorejo
[2025-05-24 20:01:19] Attempting to insert product: {'name': 'Gaspatxo bric', 'price': 1.95, 'category': 'drinks', 'store_id': 'bonarea', 'quantity': '1 l'}
[2025-05-24 20:01:19] Supabase Response: data=[{'name': 'Gaspatxo bric', 'price': 1.95, 'category': 'drinks', 'store_id': 'bonarea', 'quantity': '1 l', 'id': 'ea6ad710-4dd5-430b-9f02-2cc8759864c4', 'created_at': '2025-05-24T17:01:18.45935'}] count=None
[2025-05-24 20:01:19] ✅ Successfully inserted: Gaspatxo bric
[2025-05-24 20:01:19] Attempting to insert product: {'name': 'Salmorejo bric', 'price': 2.3, 'category': 'drinks', 'store_id': 'bonarea', 'quantity': '1 l'}
[2025-05-24 20:01:19] Supabase Response: data=[{'name': 'Salmorejo bric', 'price': 2.3, 'category': 'drinks', 'store_id': 'bonarea', 'quantity': '1 l', 'id': '2bada444-23e6-4b34-8a16-780ad525750b', 'created_at': '2025-05-24T17:01:18.799679'}] count=None
[2025-05-24 20:01:19] ✅ Successfully inserted: Salmorejo bric
[2025-05-24 20:01:20] Attempting to insert product: {'name': 'Gaspatxo estil andalús', 'price': 1.1, 'category': 'drinks', 'store_id': 'bonarea', 'quantity': '300 g'}
[2025-05-24 20:01:20] Supabase Response: data=[{'name': 'Gaspatxo estil andalús', 'price': 1.1, 'category': 'drinks', 'store_id': 'bonarea', 'quantity': '300 g', 'id': '037dfe37-26f6-4d52-8395-13d173d22958', 'created_at': '2025-05-24T17:01:19.124048'}] count=None
[2025-05-24 20:01:20] ✅ Successfully inserted: Gaspatxo estil andalús
[2025-05-24 20:01:20] Attempting to insert product: {'name': 'Gaspatxo de maduixa', 'price': 1.25, 'category': 'drinks', 'store_id': 'bonarea', 'quantity': '300 g'}
[2025-05-24 20:01:20] Supabase Response: data=[{'name': 'Gaspatxo de maduixa', 'price': 1.25, 'category': 'drinks', 'store_id': 'bonarea', 'quantity': '300 g', 'id': '5666c58e-3547-4c50-a334-6e0e0e5c7e48', 'created_at': '2025-05-24T17:01:19.448421'}] count=None
[2025-05-24 20:01:20] ✅ Successfully inserted: Gaspatxo de maduixa
[2025-05-24 20:01:20] Attempting to insert product: {'name': 'Hummus', 'price': 0.94, 'category': 'drinks', 'store_id': 'bonarea', 'quantity': '200 g'}
[2025-05-24 20:01:20] Supabase Response: data=[{'name': 'Hummus', 'price': 0.94, 'category': 'drinks', 'store_id': 'bonarea', 'quantity': '200 g', 'id': '4c3c0f07-0e03-428c-b8b6-9cb3e2cdfd25', 'created_at': '2025-05-24T17:01:19.792173'}] count=None
[2025-05-24 20:01:20] ✅ Successfully inserted: Hummus
[2025-05-24 20:01:20] Attempting to insert product: {'name': 'Cap de llom filetejat a la planxa', 'price': 2.4, 'category': 'drinks', 'store_id': 'bonarea', 'quantity': 'aprox. 198 g'}
[2025-05-24 20:01:21] Supabase Response: data=[{'name': 'Cap de llom filetejat a la planxa', 'price': 2.4, 'category': 'drinks', 'store_id': 'bonarea', 'quantity': 'aprox. 198 g', 'id': 'f41ecb2b-1529-461b-a71f-a02850d2ff1d', 'created_at': '2025-05-24T17:01:20.13006'}] count=None
[2025-05-24 20:01:21] ✅ Successfully inserted: Cap de llom filetejat a la planxa
[2025-05-24 20:01:21] Attempting to insert product: {'name': "Conill d'espatlla d'anoll", 'price': 16.91, 'category': 'drinks', 'store_id': 'bonarea', 'quantity': 'aprox. 1,6 kg'}
[2025-05-24 20:01:21] Supabase Response: data=[{'name': "Conill d'espatlla d'anoll", 'price': 16.91, 'category': 'drinks', 'store_id': 'bonarea', 'quantity': 'aprox. 1,6 kg', 'id': '3a705f34-5209-4b9d-a29f-57e842f34a8d', 'created_at': '2025-05-24T17:01:20.517685'}] count=None
[2025-05-24 20:01:21] ✅ Successfully inserted: Conill d'espatlla d'anoll
[2025-05-24 20:01:21] Attempting to insert product: {'name': "Jarret d'anoll", 'price': 22.76, 'category': 'drinks', 'store_id': 'bonarea', 'quantity': 'aprox. 2,0 kg'}
[2025-05-24 20:01:22] Supabase Response: data=[{'name': "Jarret d'anoll", 'price': 22.76, 'category': 'drinks', 'store_id': 'bonarea', 'quantity': 'aprox. 2,0 kg', 'id': 'a27b3f1c-923f-49ba-847a-066d11663d7a', 'created_at': '2025-05-24T17:01:20.861658'}] count=None
[2025-05-24 20:01:22] ✅ Successfully inserted: Jarret d'anoll
[2025-05-24 20:01:22] Attempting to insert product: {'name': 'Mixt de bull negre i donegal', 'price': 1.1, 'category': 'drinks', 'store_id': 'bonarea', 'quantity': 'aprox. 143 g'}
[2025-05-24 20:01:22] Supabase Response: data=[{'name': 'Mixt de bull negre i donegal', 'price': 1.1, 'category': 'drinks', 'store_id': 'bonarea', 'quantity': 'aprox. 143 g', 'id': '22f1c3be-484b-4424-9729-80a39e82cf1b', 'created_at': '2025-05-24T17:01:21.233603'}] count=None
[2025-05-24 20:01:22] ✅ Successfully inserted: Mixt de bull negre i donegal
[2025-05-24 20:01:22] Attempting to insert product: {'name': 'Càpsules Nescafé Dolce Gusto espresso intens', 'price': 4.25, 'category': 'drinks', 'store_id': 'bonarea', 'quantity': '16 u.'}
[2025-05-24 20:01:22] Supabase Response: data=[{'name': 'Càpsules Nescafé Dolce Gusto espresso intens', 'price': 4.25, 'category': 'drinks', 'store_id': 'bonarea', 'quantity': '16 u.', 'id': '261a667b-6e25-46a2-af51-2c9e9fe840bf', 'created_at': '2025-05-24T17:01:21.565454'}] count=None
[2025-05-24 20:01:22] ✅ Successfully inserted: Càpsules Nescafé Dolce Gusto espresso intens
[2025-05-24 20:01:22] Attempting to insert product: {'name': 'Salmó adults', 'price': 13.8, 'category': 'drinks', 'store_id': 'bonarea', 'quantity': '10 kg'}
[2025-05-24 20:01:23] Supabase Response: data=[{'name': 'Salmó adults', 'price': 13.8, 'category': 'drinks', 'store_id': 'bonarea', 'quantity': '10 kg', 'id': 'a1e3d1f7-2f70-4945-a005-a66f1bab9e34', 'created_at': '2025-05-24T17:01:21.91206'}] count=None
[2025-05-24 20:01:23] ✅ Successfully inserted: Salmó adults
[2025-05-24 20:01:23] Attempting to insert product: {'name': 'Salmó adults', 'price': 4.44, 'category': 'drinks', 'store_id': 'bonarea', 'quantity': '3 kg'}
[2025-05-24 20:01:23] Supabase Response: data=[{'name': 'Salmó adults', 'price': 4.44, 'category': 'drinks', 'store_id': 'bonarea', 'quantity': '3 kg', 'id': '88111989-13a7-4d99-8cb9-0772e56a32f9', 'created_at': '2025-05-24T17:01:22.247868'}] count=None
[2025-05-24 20:01:23] ✅ Successfully inserted: Salmó adults
[2025-05-24 20:01:23] Attempting to insert product: {'name': 'Original adults', 'price': 13.6, 'category': 'drinks', 'store_id': 'bonarea', 'quantity': '10 kg'}
[2025-05-24 20:01:23] Supabase Response: data=[{'name': 'Original adults', 'price': 13.6, 'category': 'drinks', 'store_id': 'bonarea', 'quantity': '10 kg', 'id': '7907a0e3-57cc-476c-b6eb-27fc09a6d1bf', 'created_at': '2025-05-24T17:01:22.652317'}] count=None
[2025-05-24 20:01:23] ✅ Successfully inserted: Original adults
[2025-05-24 20:01:23] Attempting to insert product: {'name': 'Original adults', 'price': 4.38, 'category': 'drinks', 'store_id': 'bonarea', 'quantity': '3 kg'}
[2025-05-24 20:01:24] Supabase Response: data=[{'name': 'Original adults', 'price': 4.38, 'category': 'drinks', 'store_id': 'bonarea', 'quantity': '3 kg', 'id': 'adf9cfbf-ac0d-47de-8878-eb136df3d9b9', 'created_at': '2025-05-24T17:01:22.952459'}] count=None
[2025-05-24 20:01:24] ✅ Successfully inserted: Original adults
[2025-05-24 20:01:24] Attempting to insert product: {'name': 'Junior 2-12 mesos', 'price': 15.9, 'category': 'drinks', 'store_id': 'bonarea', 'quantity': '10 kg'}
[2025-05-24 20:01:24] Supabase Response: data=[{'name': 'Junior 2-12 mesos', 'price': 15.9, 'category': 'drinks', 'store_id': 'bonarea', 'quantity': '10 kg', 'id': '0279dbad-8956-4af6-a8f7-c9c742fa7538', 'created_at': '2025-05-24T17:01:23.235339'}] count=None
[2025-05-24 20:01:24] ✅ Successfully inserted: Junior 2-12 mesos
[2025-05-24 20:01:24] Attempting to insert product: {'name': 'Junior 2-12 mesos', 'price': 5.07, 'category': 'drinks', 'store_id': 'bonarea', 'quantity': '3 kg'}
[2025-05-24 20:01:24] Supabase Response: data=[{'name': 'Junior 2-12 mesos', 'price': 5.07, 'category': 'drinks', 'store_id': 'bonarea', 'quantity': '3 kg', 'id': '01fb2e0e-c69d-47bc-b687-f73e429f6cff', 'created_at': '2025-05-24T17:01:23.476163'}] count=None
[2025-05-24 20:01:24] ✅ Successfully inserted: Junior 2-12 mesos
[2025-05-24 20:01:24] Attempting to insert product: {'name': 'Pit de pollastre groc sencer', 'price': 4.54, 'category': 'drinks', 'store_id': 'bonarea', 'quantity': 'aprox. 693 g'}
[2025-05-24 20:01:24] Supabase Response: data=[{'name': 'Pit de pollastre groc sencer', 'price': 4.54, 'category': 'drinks', 'store_id': 'bonarea', 'quantity': 'aprox. 693 g', 'id': 'c721c7f7-acfe-4183-a505-a0b5aa50fab9', 'created_at': '2025-05-24T17:01:23.722441'}] count=None
[2025-05-24 20:01:24] ✅ Successfully inserted: Pit de pollastre groc sencer
[2025-05-24 20:01:24] Attempting to insert product: {'name': 'Pernilets de pollastre groc', 'price': 3.64, 'category': 'drinks', 'store_id': 'bonarea', 'quantity': 'aprox. 1,0 kg'}
[2025-05-24 20:01:25] Supabase Response: data=[{'name': 'Pernilets de pollastre groc', 'price': 3.64, 'category': 'drinks', 'store_id': 'bonarea', 'quantity': 'aprox. 1,0 kg', 'id': '5625a943-b8ff-4d79-bd4e-1cd54e662add', 'created_at': '2025-05-24T17:01:23.96059'}] count=None
[2025-05-24 20:01:25] ✅ Successfully inserted: Pernilets de pollastre groc
[2025-05-24 20:01:25] Attempting to insert product: {'name': 'Pit de pollastre blanc sencer', 'price': 4.68, 'category': 'drinks', 'store_id': 'bonarea', 'quantity': 'aprox. 715 g'}
[2025-05-24 20:01:25] Supabase Response: data=[{'name': 'Pit de pollastre blanc sencer', 'price': 4.68, 'category': 'drinks', 'store_id': 'bonarea', 'quantity': 'aprox. 715 g', 'id': '0204b669-9cdb-4ce5-a251-89b812fecd8d', 'created_at': '2025-05-24T17:01:24.209863'}] count=None
[2025-05-24 20:01:25] ✅ Successfully inserted: Pit de pollastre blanc sencer
[2025-05-24 20:01:25] Attempting to insert product: {'name': 'Pernilets de pollastre blanc', 'price': 3.8, 'category': 'drinks', 'store_id': 'bonarea', 'quantity': 'aprox. 1,1 kg'}
[2025-05-24 20:01:25] Supabase Response: data=[{'name': 'Pernilets de pollastre blanc', 'price': 3.8, 'category': 'drinks', 'store_id': 'bonarea', 'quantity': 'aprox. 1,1 kg', 'id': 'd858a2c4-777d-4155-b93e-7d83aa49669d', 'created_at': '2025-05-24T17:01:24.48524'}] count=None
[2025-05-24 20:01:25] ✅ Successfully inserted: Pernilets de pollastre blanc
[2025-05-24 20:01:25] Attempting to insert product: {'name': 'Pit de pollastre groc filetejat', 'price': 4.69, 'category': 'drinks', 'store_id': 'bonarea', 'quantity': 'aprox. 660 g'}
[2025-05-24 20:01:25] Supabase Response: data=[{'name': 'Pit de pollastre groc filetejat', 'price': 4.69, 'category': 'drinks', 'store_id': 'bonarea', 'quantity': 'aprox. 660 g', 'id': 'b33219d6-0a8a-4c14-a919-753e15763a86', 'created_at': '2025-05-24T17:01:24.729907'}] count=None
[2025-05-24 20:01:25] ✅ Successfully inserted: Pit de pollastre groc filetejat
[2025-05-24 20:01:25] Attempting to insert product: {'name': 'Pit de pollastre sencer 65% cereals', 'price': 4.57, 'category': 'drinks', 'store_id': 'bonarea', 'quantity': 'aprox. 605 g'}
[2025-05-24 20:01:26] Supabase Response: data=[{'name': 'Pit de pollastre sencer 65% cereals', 'price': 4.57, 'category': 'drinks', 'store_id': 'bonarea', 'quantity': 'aprox. 605 g', 'id': '6dcb515f-4ff2-4cf8-a3d6-b26b098eb000', 'created_at': '2025-05-24T17:01:24.968834'}] count=None
[2025-05-24 20:01:26] ✅ Successfully inserted: Pit de pollastre sencer 65% cereals
[2025-05-24 20:01:29] Attempting to insert product: {'name': 'Gaspatxo', 'price': 2.85, 'category': 'drinks', 'store_id': 'bonarea', 'quantity': '1 l'}
[2025-05-24 20:01:30] Supabase Response: data=[{'name': 'Gaspatxo', 'price': 2.85, 'category': 'drinks', 'store_id': 'bonarea', 'quantity': '1 l', 'id': '63e5798c-9f5d-47a7-bd9e-c7ab958f82a9', 'created_at': '2025-05-24T17:01:29.025645'}] count=None
[2025-05-24 20:01:30] ✅ Successfully inserted: Gaspatxo
[2025-05-24 20:01:30] Attempting to insert product: {'name': 'Salmorejo', 'price': 3.15, 'category': 'drinks', 'store_id': 'bonarea', 'quantity': '1 l'}
[2025-05-24 20:01:30] Supabase Response: data=[{'name': 'Salmorejo', 'price': 3.15, 'category': 'drinks', 'store_id': 'bonarea', 'quantity': '1 l', 'id': '85b6f791-99d4-4bb5-a6bf-16a79ac00e69', 'created_at': '2025-05-24T17:01:29.416456'}] count=None
[2025-05-24 20:01:30] ✅ Successfully inserted: Salmorejo
[2025-05-24 20:01:30] Attempting to insert product: {'name': 'Gaspatxo bric', 'price': 1.95, 'category': 'drinks', 'store_id': 'bonarea', 'quantity': '1 l'}
[2025-05-24 20:01:30] Supabase Response: data=[{'name': 'Gaspatxo bric', 'price': 1.95, 'category': 'drinks', 'store_id': 'bonarea', 'quantity': '1 l', 'id': 'b1f94160-480d-485f-9293-145d2b8af252', 'created_at': '2025-05-24T17:01:29.671903'}] count=None
[2025-05-24 20:01:30] ✅ Successfully inserted: Gaspatxo bric
[2025-05-24 20:01:30] Attempting to insert product: {'name': 'Salmorejo bric', 'price': 2.3, 'category': 'drinks', 'store_id': 'bonarea', 'quantity': '1 l'}
[2025-05-24 20:01:31] Supabase Response: data=[{'name': 'Salmorejo bric', 'price': 2.3, 'category': 'drinks', 'store_id': 'bonarea', 'quantity': '1 l', 'id': 'e068e9e5-bcb0-4fd2-83ce-7447cb6029e4', 'created_at': '2025-05-24T17:01:29.914323'}] count=None
[2025-05-24 20:01:31] ✅ Successfully inserted: Salmorejo bric
[2025-05-24 20:01:31] Attempting to insert product: {'name': 'Gaspatxo estil andalús', 'price': 1.1, 'category': 'drinks', 'store_id': 'bonarea', 'quantity': '300 g'}
[2025-05-24 20:01:31] Supabase Response: data=[{'name': 'Gaspatxo estil andalús', 'price': 1.1, 'category': 'drinks', 'store_id': 'bonarea', 'quantity': '300 g', 'id': '5951ed70-cd17-4199-8093-3e0525d2e528', 'created_at': '2025-05-24T17:01:30.181838'}] count=None
[2025-05-24 20:01:31] ✅ Successfully inserted: Gaspatxo estil andalús
[2025-05-24 20:01:31] Attempting to insert product: {'name': 'Gaspatxo de maduixa', 'price': 1.25, 'category': 'drinks', 'store_id': 'bonarea', 'quantity': '300 g'}
[2025-05-24 20:01:31] Supabase Response: data=[{'name': 'Gaspatxo de maduixa', 'price': 1.25, 'category': 'drinks', 'store_id': 'bonarea', 'quantity': '300 g', 'id': 'b0a09ab3-f1d2-4e5b-b28d-c51b00f52134', 'created_at': '2025-05-24T17:01:30.428802'}] count=None
[2025-05-24 20:01:31] ✅ Successfully inserted: Gaspatxo de maduixa
[2025-05-24 20:01:31] Attempting to insert product: {'name': 'Hummus', 'price': 0.94, 'category': 'drinks', 'store_id': 'bonarea', 'quantity': '200 g'}
[2025-05-24 20:01:31] Supabase Response: data=[{'name': 'Hummus', 'price': 0.94, 'category': 'drinks', 'store_id': 'bonarea', 'quantity': '200 g', 'id': '3103186a-201d-4d04-8dbe-c74309f1b908', 'created_at': '2025-05-24T17:01:30.693309'}] count=None
[2025-05-24 20:01:31] ✅ Successfully inserted: Hummus
[2025-05-24 20:01:31] Attempting to insert product: {'name': 'Cap de llom filetejat a la planxa', 'price': 2.4, 'category': 'drinks', 'store_id': 'bonarea', 'quantity': 'aprox. 198 g'}
[2025-05-24 20:01:32] Supabase Response: data=[{'name': 'Cap de llom filetejat a la planxa', 'price': 2.4, 'category': 'drinks', 'store_id': 'bonarea', 'quantity': 'aprox. 198 g', 'id': '3ac7dad9-de63-4c42-80d4-a3116338d2c1', 'created_at': '2025-05-24T17:01:30.962293'}] count=None
[2025-05-24 20:01:32] ✅ Successfully inserted: Cap de llom filetejat a la planxa
[2025-05-24 20:01:32] Attempting to insert product: {'name': "Conill d'espatlla d'anoll", 'price': 16.91, 'category': 'drinks', 'store_id': 'bonarea', 'quantity': 'aprox. 1,6 kg'}
[2025-05-24 20:01:32] Supabase Response: data=[{'name': "Conill d'espatlla d'anoll", 'price': 16.91, 'category': 'drinks', 'store_id': 'bonarea', 'quantity': 'aprox. 1,6 kg', 'id': '3f162e0a-379e-4593-87f9-986bbc79d389', 'created_at': '2025-05-24T17:01:31.237873'}] count=None
[2025-05-24 20:01:32] ✅ Successfully inserted: Conill d'espatlla d'anoll
[2025-05-24 20:01:32] Attempting to insert product: {'name': "Jarret d'anoll", 'price': 22.76, 'category': 'drinks', 'store_id': 'bonarea', 'quantity': 'aprox. 2,0 kg'}
[2025-05-24 20:01:32] Supabase Response: data=[{'name': "Jarret d'anoll", 'price': 22.76, 'category': 'drinks', 'store_id': 'bonarea', 'quantity': 'aprox. 2,0 kg', 'id': 'bbb81d3c-2872-4997-b9b8-5083479e27c4', 'created_at': '2025-05-24T17:01:31.489206'}] count=None
[2025-05-24 20:01:32] ✅ Successfully inserted: Jarret d'anoll
[2025-05-24 20:01:32] Attempting to insert product: {'name': 'Mixt de bull negre i donegal', 'price': 1.1, 'category': 'drinks', 'store_id': 'bonarea', 'quantity': 'aprox. 143 g'}
[2025-05-24 20:01:33] Supabase Response: data=[{'name': 'Mixt de bull negre i donegal', 'price': 1.1, 'category': 'drinks', 'store_id': 'bonarea', 'quantity': 'aprox. 143 g', 'id': 'f96c8ca5-6852-44ea-8ef7-66136b8b485b', 'created_at': '2025-05-24T17:01:31.738059'}] count=None
[2025-05-24 20:01:33] ✅ Successfully inserted: Mixt de bull negre i donegal
[2025-05-24 20:01:33] Attempting to insert product: {'name': 'Càpsules Nescafé Dolce Gusto espresso intens', 'price': 4.25, 'category': 'drinks', 'store_id': 'bonarea', 'quantity': '16 u.'}
[2025-05-24 20:01:33] Supabase Response: data=[{'name': 'Càpsules Nescafé Dolce Gusto espresso intens', 'price': 4.25, 'category': 'drinks', 'store_id': 'bonarea', 'quantity': '16 u.', 'id': '0e8b4ffb-5cbf-49d2-8fd2-c3410fe3e755', 'created_at': '2025-05-24T17:01:32.119106'}] count=None
[2025-05-24 20:01:33] ✅ Successfully inserted: Càpsules Nescafé Dolce Gusto espresso intens
[2025-05-24 20:01:33] Attempting to insert product: {'name': 'Salmó adults', 'price': 13.8, 'category': 'drinks', 'store_id': 'bonarea', 'quantity': '10 kg'}
[2025-05-24 20:01:33] Supabase Response: data=[{'name': 'Salmó adults', 'price': 13.8, 'category': 'drinks', 'store_id': 'bonarea', 'quantity': '10 kg', 'id': 'fcb954ad-badc-4d45-8240-03a9ee4a2956', 'created_at': '2025-05-24T17:01:32.426038'}] count=None
[2025-05-24 20:01:33] ✅ Successfully inserted: Salmó adults
[2025-05-24 20:01:33] Attempting to insert product: {'name': 'Salmó adults', 'price': 4.44, 'category': 'drinks', 'store_id': 'bonarea', 'quantity': '3 kg'}
[2025-05-24 20:01:33] Supabase Response: data=[{'name': 'Salmó adults', 'price': 4.44, 'category': 'drinks', 'store_id': 'bonarea', 'quantity': '3 kg', 'id': '7b7c326f-db2e-4d92-9790-084d635c5da1', 'created_at': '2025-05-24T17:01:32.718532'}] count=None
[2025-05-24 20:01:33] ✅ Successfully inserted: Salmó adults
[2025-05-24 20:01:33] Attempting to insert product: {'name': 'Original adults', 'price': 13.6, 'category': 'drinks', 'store_id': 'bonarea', 'quantity': '10 kg'}
[2025-05-24 20:01:34] Supabase Response: data=[{'name': 'Original adults', 'price': 13.6, 'category': 'drinks', 'store_id': 'bonarea', 'quantity': '10 kg', 'id': '49cdb1d8-5f5f-4268-9603-e70c98920f9a', 'created_at': '2025-05-24T17:01:33.018717'}] count=None
[2025-05-24 20:01:34] ✅ Successfully inserted: Original adults
[2025-05-24 20:01:34] Attempting to insert product: {'name': 'Original adults', 'price': 4.38, 'category': 'drinks', 'store_id': 'bonarea', 'quantity': '3 kg'}
[2025-05-24 20:01:34] Supabase Response: data=[{'name': 'Original adults', 'price': 4.38, 'category': 'drinks', 'store_id': 'bonarea', 'quantity': '3 kg', 'id': '51f23f3b-4e04-4aa7-a27a-4e41eb376d5d', 'created_at': '2025-05-24T17:01:33.277314'}] count=None
[2025-05-24 20:01:34] ✅ Successfully inserted: Original adults
[2025-05-24 20:01:34] Attempting to insert product: {'name': 'Junior 2-12 mesos', 'price': 15.9, 'category': 'drinks', 'store_id': 'bonarea', 'quantity': '10 kg'}
[2025-05-24 20:01:34] Supabase Response: data=[{'name': 'Junior 2-12 mesos', 'price': 15.9, 'category': 'drinks', 'store_id': 'bonarea', 'quantity': '10 kg', 'id': '7f542225-292b-4858-abc9-f795bef289c0', 'created_at': '2025-05-24T17:01:33.550777'}] count=None
[2025-05-24 20:01:34] ✅ Successfully inserted: Junior 2-12 mesos
[2025-05-24 20:01:34] Attempting to insert product: {'name': 'Junior 2-12 mesos', 'price': 5.07, 'category': 'drinks', 'store_id': 'bonarea', 'quantity': '3 kg'}
[2025-05-24 20:01:34] Supabase Response: data=[{'name': 'Junior 2-12 mesos', 'price': 5.07, 'category': 'drinks', 'store_id': 'bonarea', 'quantity': '3 kg', 'id': 'a6c896b6-610e-4f19-8c18-da6da720b86b', 'created_at': '2025-05-24T17:01:33.815785'}] count=None
[2025-05-24 20:01:34] ✅ Successfully inserted: Junior 2-12 mesos
[2025-05-24 20:01:35] Attempting to insert product: {'name': 'Pit de pollastre groc sencer', 'price': 4.54, 'category': 'drinks', 'store_id': 'bonarea', 'quantity': 'aprox. 693 g'}
[2025-05-24 20:01:35] Supabase Response: data=[{'name': 'Pit de pollastre groc sencer', 'price': 4.54, 'category': 'drinks', 'store_id': 'bonarea', 'quantity': 'aprox. 693 g', 'id': '91d95994-f3be-4e8a-a624-c7d8b12f58f9', 'created_at': '2025-05-24T17:01:34.056678'}] count=None
[2025-05-24 20:01:35] ✅ Successfully inserted: Pit de pollastre groc sencer
[2025-05-24 20:01:35] Attempting to insert product: {'name': 'Pernilets de pollastre groc', 'price': 3.64, 'category': 'drinks', 'store_id': 'bonarea', 'quantity': 'aprox. 1,0 kg'}
[2025-05-24 20:01:35] Supabase Response: data=[{'name': 'Pernilets de pollastre groc', 'price': 3.64, 'category': 'drinks', 'store_id': 'bonarea', 'quantity': 'aprox. 1,0 kg', 'id': '7615f4eb-89e0-451b-81a5-ba60b092057f', 'created_at': '2025-05-24T17:01:34.31106'}] count=None
[2025-05-24 20:01:35] ✅ Successfully inserted: Pernilets de pollastre groc
[2025-05-24 20:01:35] Attempting to insert product: {'name': 'Pit de pollastre blanc sencer', 'price': 4.68, 'category': 'drinks', 'store_id': 'bonarea', 'quantity': 'aprox. 715 g'}
[2025-05-24 20:01:35] Supabase Response: data=[{'name': 'Pit de pollastre blanc sencer', 'price': 4.68, 'category': 'drinks', 'store_id': 'bonarea', 'quantity': 'aprox. 715 g', 'id': 'd235095a-d263-4c49-937a-f53eccfba3d6', 'created_at': '2025-05-24T17:01:34.578269'}] count=None
[2025-05-24 20:01:35] ✅ Successfully inserted: Pit de pollastre blanc sencer
[2025-05-24 20:01:35] Attempting to insert product: {'name': 'Pernilets de pollastre blanc', 'price': 3.8, 'category': 'drinks', 'store_id': 'bonarea', 'quantity': 'aprox. 1,1 kg'}
[2025-05-24 20:01:35] Supabase Response: data=[{'name': 'Pernilets de pollastre blanc', 'price': 3.8, 'category': 'drinks', 'store_id': 'bonarea', 'quantity': 'aprox. 1,1 kg', 'id': '6621b227-b3f8-4c9e-a01e-f8299a12e8bb', 'created_at': '2025-05-24T17:01:34.820598'}] count=None
[2025-05-24 20:01:35] ✅ Successfully inserted: Pernilets de pollastre blanc
[2025-05-24 20:01:36] Attempting to insert product: {'name': 'Pit de pollastre groc filetejat', 'price': 4.69, 'category': 'drinks', 'store_id': 'bonarea', 'quantity': 'aprox. 660 g'}
[2025-05-24 20:01:36] Supabase Response: data=[{'name': 'Pit de pollastre groc filetejat', 'price': 4.69, 'category': 'drinks', 'store_id': 'bonarea', 'quantity': 'aprox. 660 g', 'id': 'a55ffde8-38ea-47e0-a19c-fce94c4a746c', 'created_at': '2025-05-24T17:01:35.063846'}] count=None
[2025-05-24 20:01:36] ✅ Successfully inserted: Pit de pollastre groc filetejat
[2025-05-24 20:01:36] Attempting to insert product: {'name': 'Pit de pollastre sencer 65% cereals', 'price': 4.57, 'category': 'drinks', 'store_id': 'bonarea', 'quantity': 'aprox. 605 g'}
[2025-05-24 20:01:36] Supabase Response: data=[{'name': 'Pit de pollastre sencer 65% cereals', 'price': 4.57, 'category': 'drinks', 'store_id': 'bonarea', 'quantity': 'aprox. 605 g', 'id': 'fa94d133-0dbc-46b1-a44f-76a51af4305c', 'created_at': '2025-05-24T17:01:35.311561'}] count=None
[2025-05-24 20:01:36] ✅ Successfully inserted: Pit de pollastre sencer 65% cereals
[2025-05-24 20:01:40] Attempting to insert product: {'name': 'Gaspatxo', 'price': 2.85, 'category': 'drinks', 'store_id': 'bonarea', 'quantity': '1 l'}
[2025-05-24 20:01:40] Supabase Response: data=[{'name': 'Gaspatxo', 'price': 2.85, 'category': 'drinks', 'store_id': 'bonarea', 'quantity': '1 l', 'id': 'dd4b72a2-0c21-44ae-bd41-4caced4dde02', 'created_at': '2025-05-24T17:01:39.48866'}] count=None
[2025-05-24 20:01:40] ✅ Successfully inserted: Gaspatxo
[2025-05-24 20:01:40] Attempting to insert product: {'name': 'Salmorejo', 'price': 3.15, 'category': 'drinks', 'store_id': 'bonarea', 'quantity': '1 l'}
[2025-05-24 20:01:41] Supabase Response: data=[{'name': 'Salmorejo', 'price': 3.15, 'category': 'drinks', 'store_id': 'bonarea', 'quantity': '1 l', 'id': '46826292-30af-46de-bdee-5a47a471f17e', 'created_at': '2025-05-24T17:01:39.801114'}] count=None
[2025-05-24 20:01:41] ✅ Successfully inserted: Salmorejo
[2025-05-24 20:01:41] Attempting to insert product: {'name': 'Gaspatxo bric', 'price': 1.95, 'category': 'drinks', 'store_id': 'bonarea', 'quantity': '1 l'}
[2025-05-24 20:01:41] Supabase Response: data=[{'name': 'Gaspatxo bric', 'price': 1.95, 'category': 'drinks', 'store_id': 'bonarea', 'quantity': '1 l', 'id': '41cf1183-592d-4e4c-b0d9-266bbf0713f4', 'created_at': '2025-05-24T17:01:40.104547'}] count=None
[2025-05-24 20:01:41] ✅ Successfully inserted: Gaspatxo bric
[2025-05-24 20:01:41] Attempting to insert product: {'name': 'Salmorejo bric', 'price': 2.3, 'category': 'drinks', 'store_id': 'bonarea', 'quantity': '1 l'}
[2025-05-24 20:01:41] Supabase Response: data=[{'name': 'Salmorejo bric', 'price': 2.3, 'category': 'drinks', 'store_id': 'bonarea', 'quantity': '1 l', 'id': '13c5ade7-9c90-463b-973b-1b5f1d7249b6', 'created_at': '2025-05-24T17:01:40.367599'}] count=None
[2025-05-24 20:01:41] ✅ Successfully inserted: Salmorejo bric
[2025-05-24 20:01:41] Attempting to insert product: {'name': 'Gaspatxo estil andalús', 'price': 1.1, 'category': 'drinks', 'store_id': 'bonarea', 'quantity': '300 g'}
[2025-05-24 20:01:41] Supabase Response: data=[{'name': 'Gaspatxo estil andalús', 'price': 1.1, 'category': 'drinks', 'store_id': 'bonarea', 'quantity': '300 g', 'id': 'a2b0cc5a-e297-4b3a-9d37-f3c318771869', 'created_at': '2025-05-24T17:01:40.6237'}] count=None
[2025-05-24 20:01:41] ✅ Successfully inserted: Gaspatxo estil andalús
[2025-05-24 20:01:41] Attempting to insert product: {'name': 'Gaspatxo de maduixa', 'price': 1.25, 'category': 'drinks', 'store_id': 'bonarea', 'quantity': '300 g'}
[2025-05-24 20:01:42] Supabase Response: data=[{'name': 'Gaspatxo de maduixa', 'price': 1.25, 'category': 'drinks', 'store_id': 'bonarea', 'quantity': '300 g', 'id': 'c175ce36-a7ce-4ba8-a51c-2e6ecc96d5e8', 'created_at': '2025-05-24T17:01:40.980644'}] count=None
[2025-05-24 20:01:42] ✅ Successfully inserted: Gaspatxo de maduixa
[2025-05-24 20:01:42] Attempting to insert product: {'name': 'Hummus', 'price': 0.94, 'category': 'drinks', 'store_id': 'bonarea', 'quantity': '200 g'}
[2025-05-24 20:01:42] Supabase Response: data=[{'name': 'Hummus', 'price': 0.94, 'category': 'drinks', 'store_id': 'bonarea', 'quantity': '200 g', 'id': 'dc5ef2f7-6160-46c4-958e-77bf6cfa66b4', 'created_at': '2025-05-24T17:01:41.314281'}] count=None
[2025-05-24 20:01:42] ✅ Successfully inserted: Hummus
[2025-05-24 20:01:42] Attempting to insert product: {'name': 'Cap de llom filetejat a la planxa', 'price': 2.4, 'category': 'drinks', 'store_id': 'bonarea', 'quantity': 'aprox. 198 g'}
[2025-05-24 20:01:42] Supabase Response: data=[{'name': 'Cap de llom filetejat a la planxa', 'price': 2.4, 'category': 'drinks', 'store_id': 'bonarea', 'quantity': 'aprox. 198 g', 'id': 'fbba20a0-5c48-41fb-932c-44cc2c814fb9', 'created_at': '2025-05-24T17:01:41.700311'}] count=None
[2025-05-24 20:01:42] ✅ Successfully inserted: Cap de llom filetejat a la planxa
[2025-05-24 20:01:42] Attempting to insert product: {'name': "Conill d'espatlla d'anoll", 'price': 16.91, 'category': 'drinks', 'store_id': 'bonarea', 'quantity': 'aprox. 1,6 kg'}
[2025-05-24 20:01:43] Supabase Response: data=[{'name': "Conill d'espatlla d'anoll", 'price': 16.91, 'category': 'drinks', 'store_id': 'bonarea', 'quantity': 'aprox. 1,6 kg', 'id': '71cdd40b-687f-486c-aa4b-9accfeb1c651', 'created_at': '2025-05-24T17:01:42.074094'}] count=None
[2025-05-24 20:01:43] ✅ Successfully inserted: Conill d'espatlla d'anoll
[2025-05-24 20:01:43] Attempting to insert product: {'name': "Jarret d'anoll", 'price': 22.76, 'category': 'drinks', 'store_id': 'bonarea', 'quantity': 'aprox. 2,0 kg'}
[2025-05-24 20:01:43] Supabase Response: data=[{'name': "Jarret d'anoll", 'price': 22.76, 'category': 'drinks', 'store_id': 'bonarea', 'quantity': 'aprox. 2,0 kg', 'id': '7afc3891-9981-42f7-b4db-6f7eb6f8234e', 'created_at': '2025-05-24T17:01:42.355785'}] count=None
[2025-05-24 20:01:43] ✅ Successfully inserted: Jarret d'anoll
[2025-05-24 20:01:43] Attempting to insert product: {'name': 'Mixt de bull negre i donegal', 'price': 1.1, 'category': 'drinks', 'store_id': 'bonarea', 'quantity': 'aprox. 143 g'}
[2025-05-24 20:01:43] Supabase Response: data=[{'name': 'Mixt de bull negre i donegal', 'price': 1.1, 'category': 'drinks', 'store_id': 'bonarea', 'quantity': 'aprox. 143 g', 'id': '6e055e92-60fd-4a20-8170-176aeaafd2ee', 'created_at': '2025-05-24T17:01:42.652643'}] count=None
[2025-05-24 20:01:43] ✅ Successfully inserted: Mixt de bull negre i donegal
[2025-05-24 20:01:43] Attempting to insert product: {'name': 'Càpsules Nescafé Dolce Gusto espresso intens', 'price': 4.25, 'category': 'drinks', 'store_id': 'bonarea', 'quantity': '16 u.'}
[2025-05-24 20:01:44] Supabase Response: data=[{'name': 'Càpsules Nescafé Dolce Gusto espresso intens', 'price': 4.25, 'category': 'drinks', 'store_id': 'bonarea', 'quantity': '16 u.', 'id': '6f85a8f3-fc8d-4d71-a032-6cc55149ce75', 'created_at': '2025-05-24T17:01:42.912691'}] count=None
[2025-05-24 20:01:44] ✅ Successfully inserted: Càpsules Nescafé Dolce Gusto espresso intens
[2025-05-24 20:01:44] Attempting to insert product: {'name': 'Salmó adults', 'price': 13.8, 'category': 'drinks', 'store_id': 'bonarea', 'quantity': '10 kg'}
[2025-05-24 20:01:44] Supabase Response: data=[{'name': 'Salmó adults', 'price': 13.8, 'category': 'drinks', 'store_id': 'bonarea', 'quantity': '10 kg', 'id': 'aec8b669-1c41-4d2f-aee2-757731654697', 'created_at': '2025-05-24T17:01:43.294757'}] count=None
[2025-05-24 20:01:44] ✅ Successfully inserted: Salmó adults
[2025-05-24 20:01:44] Attempting to insert product: {'name': 'Salmó adults', 'price': 4.44, 'category': 'drinks', 'store_id': 'bonarea', 'quantity': '3 kg'}
[2025-05-24 20:01:44] Supabase Response: data=[{'name': 'Salmó adults', 'price': 4.44, 'category': 'drinks', 'store_id': 'bonarea', 'quantity': '3 kg', 'id': '5160cce8-17ff-4653-a849-7c99b78e7219', 'created_at': '2025-05-24T17:01:43.584466'}] count=None
[2025-05-24 20:01:44] ✅ Successfully inserted: Salmó adults
[2025-05-24 20:01:44] Attempting to insert product: {'name': 'Original adults', 'price': 13.6, 'category': 'drinks', 'store_id': 'bonarea', 'quantity': '10 kg'}
[2025-05-24 20:01:45] Supabase Response: data=[{'name': 'Original adults', 'price': 13.6, 'category': 'drinks', 'store_id': 'bonarea', 'quantity': '10 kg', 'id': '25252702-b6df-4077-898c-eb43b4a17061', 'created_at': '2025-05-24T17:01:43.876'}] count=None
[2025-05-24 20:01:45] ✅ Successfully inserted: Original adults
[2025-05-24 20:01:45] Attempting to insert product: {'name': 'Original adults', 'price': 4.38, 'category': 'drinks', 'store_id': 'bonarea', 'quantity': '3 kg'}
[2025-05-24 20:01:45] Supabase Response: data=[{'name': 'Original adults', 'price': 4.38, 'category': 'drinks', 'store_id': 'bonarea', 'quantity': '3 kg', 'id': '839058af-757d-4585-9ced-c3c654d85b03', 'created_at': '2025-05-24T17:01:44.12232'}] count=None
[2025-05-24 20:01:45] ✅ Successfully inserted: Original adults
[2025-05-24 20:01:45] Attempting to insert product: {'name': 'Junior 2-12 mesos', 'price': 15.9, 'category': 'drinks', 'store_id': 'bonarea', 'quantity': '10 kg'}
[2025-05-24 20:01:45] Supabase Response: data=[{'name': 'Junior 2-12 mesos', 'price': 15.9, 'category': 'drinks', 'store_id': 'bonarea', 'quantity': '10 kg', 'id': '64bdfca6-a6f8-4de7-8eaf-28dd53bc1cf5', 'created_at': '2025-05-24T17:01:44.407723'}] count=None
[2025-05-24 20:01:45] ✅ Successfully inserted: Junior 2-12 mesos
[2025-05-24 20:01:45] Attempting to insert product: {'name': 'Junior 2-12 mesos', 'price': 5.07, 'category': 'drinks', 'store_id': 'bonarea', 'quantity': '3 kg'}
[2025-05-24 20:01:45] Supabase Response: data=[{'name': 'Junior 2-12 mesos', 'price': 5.07, 'category': 'drinks', 'store_id': 'bonarea', 'quantity': '3 kg', 'id': '56916974-a8db-4f51-9cd7-7e763a75d47a', 'created_at': '2025-05-24T17:01:44.706261'}] count=None
[2025-05-24 20:01:45] ✅ Successfully inserted: Junior 2-12 mesos
[2025-05-24 20:01:45] Attempting to insert product: {'name': 'Pit de pollastre groc sencer', 'price': 4.54, 'category': 'drinks', 'store_id': 'bonarea', 'quantity': 'aprox. 693 g'}
[2025-05-24 20:01:46] Supabase Response: data=[{'name': 'Pit de pollastre groc sencer', 'price': 4.54, 'category': 'drinks', 'store_id': 'bonarea', 'quantity': 'aprox. 693 g', 'id': 'cf2b22cf-6a38-4a3d-aa6f-b9214190a2e0', 'created_at': '2025-05-24T17:01:45.015556'}] count=None
[2025-05-24 20:01:46] ✅ Successfully inserted: Pit de pollastre groc sencer
[2025-05-24 20:01:46] Attempting to insert product: {'name': 'Pernilets de pollastre groc', 'price': 3.64, 'category': 'drinks', 'store_id': 'bonarea', 'quantity': 'aprox. 1,0 kg'}
[2025-05-24 20:01:46] Supabase Response: data=[{'name': 'Pernilets de pollastre groc', 'price': 3.64, 'category': 'drinks', 'store_id': 'bonarea', 'quantity': 'aprox. 1,0 kg', 'id': '5d0bae55-6576-4437-b95b-61f4dd2b9183', 'created_at': '2025-05-24T17:01:45.339741'}] count=None
[2025-05-24 20:01:46] ✅ Successfully inserted: Pernilets de pollastre groc
[2025-05-24 20:01:46] Attempting to insert product: {'name': 'Pit de pollastre blanc sencer', 'price': 4.68, 'category': 'drinks', 'store_id': 'bonarea', 'quantity': 'aprox. 715 g'}
[2025-05-24 20:01:46] Supabase Response: data=[{'name': 'Pit de pollastre blanc sencer', 'price': 4.68, 'category': 'drinks', 'store_id': 'bonarea', 'quantity': 'aprox. 715 g', 'id': 'd81a601d-5d1a-4157-ab0a-b9102fe566e8', 'created_at': '2025-05-24T17:01:45.583446'}] count=None
[2025-05-24 20:01:46] ✅ Successfully inserted: Pit de pollastre blanc sencer
[2025-05-24 20:01:46] Attempting to insert product: {'name': 'Pernilets de pollastre blanc', 'price': 3.8, 'category': 'drinks', 'store_id': 'bonarea', 'quantity': 'aprox. 1,1 kg'}
[2025-05-24 20:01:47] Supabase Response: data=[{'name': 'Pernilets de pollastre blanc', 'price': 3.8, 'category': 'drinks', 'store_id': 'bonarea', 'quantity': 'aprox. 1,1 kg', 'id': 'c9e3a6d3-c90f-4ee9-b834-18dbfcfa91d2', 'created_at': '2025-05-24T17:01:45.940099'}] count=None
[2025-05-24 20:01:47] ✅ Successfully inserted: Pernilets de pollastre blanc
[2025-05-24 20:01:47] Attempting to insert product: {'name': 'Pit de pollastre groc filetejat', 'price': 4.69, 'category': 'drinks', 'store_id': 'bonarea', 'quantity': 'aprox. 660 g'}
[2025-05-24 20:01:47] Supabase Response: data=[{'name': 'Pit de pollastre groc filetejat', 'price': 4.69, 'category': 'drinks', 'store_id': 'bonarea', 'quantity': 'aprox. 660 g', 'id': 'd82e6510-9326-4d1a-bc15-7757a6821ea0', 'created_at': '2025-05-24T17:01:46.199205'}] count=None
[2025-05-24 20:01:47] ✅ Successfully inserted: Pit de pollastre groc filetejat
[2025-05-24 20:01:47] Attempting to insert product: {'name': 'Pit de pollastre sencer 65% cereals', 'price': 4.57, 'category': 'drinks', 'store_id': 'bonarea', 'quantity': 'aprox. 605 g'}
[2025-05-24 20:01:47] Supabase Response: data=[{'name': 'Pit de pollastre sencer 65% cereals', 'price': 4.57, 'category': 'drinks', 'store_id': 'bonarea', 'quantity': 'aprox. 605 g', 'id': '9e9f386f-db91-4980-ae44-7fe975d5a79a', 'created_at': '2025-05-24T17:01:46.529312'}] count=None
[2025-05-24 20:01:47] ✅ Successfully inserted: Pit de pollastre sencer 65% cereals
[2025-05-24 20:01:51] Attempting to insert product: {'name': 'Gaspatxo', 'price': 2.85, 'category': 'drinks', 'store_id': 'bonarea', 'quantity': '1 l'}
[2025-05-24 20:01:51] Supabase Response: data=[{'name': 'Gaspatxo', 'price': 2.85, 'category': 'drinks', 'store_id': 'bonarea', 'quantity': '1 l', 'id': 'f152b4e4-7841-49f1-a292-4a7ba28c1bbe', 'created_at': '2025-05-24T17:01:50.785019'}] count=None
[2025-05-24 20:01:51] ✅ Successfully inserted: Gaspatxo
[2025-05-24 20:01:51] Attempting to insert product: {'name': 'Salmorejo', 'price': 3.15, 'category': 'drinks', 'store_id': 'bonarea', 'quantity': '1 l'}
[2025-05-24 20:01:52] Supabase Response: data=[{'name': 'Salmorejo', 'price': 3.15, 'category': 'drinks', 'store_id': 'bonarea', 'quantity': '1 l', 'id': 'f62853d0-fea6-41b3-87d7-5627c0721027', 'created_at': '2025-05-24T17:01:51.044256'}] count=None
[2025-05-24 20:01:52] ✅ Successfully inserted: Salmorejo
[2025-05-24 20:01:52] Attempting to insert product: {'name': 'Gaspatxo bric', 'price': 1.95, 'category': 'drinks', 'store_id': 'bonarea', 'quantity': '1 l'}
[2025-05-24 20:01:52] Supabase Response: data=[{'name': 'Gaspatxo bric', 'price': 1.95, 'category': 'drinks', 'store_id': 'bonarea', 'quantity': '1 l', 'id': '81016a25-e894-4fd8-9696-cf6e2f6b6e5f', 'created_at': '2025-05-24T17:01:51.293969'}] count=None
[2025-05-24 20:01:52] ✅ Successfully inserted: Gaspatxo bric
[2025-05-24 20:01:52] Attempting to insert product: {'name': 'Salmorejo bric', 'price': 2.3, 'category': 'drinks', 'store_id': 'bonarea', 'quantity': '1 l'}
[2025-05-24 20:01:52] Supabase Response: data=[{'name': 'Salmorejo bric', 'price': 2.3, 'category': 'drinks', 'store_id': 'bonarea', 'quantity': '1 l', 'id': '854234dc-d3c0-4600-ba6d-a71f9d50d7bd', 'created_at': '2025-05-24T17:01:51.543094'}] count=None
[2025-05-24 20:01:52] ✅ Successfully inserted: Salmorejo bric
[2025-05-24 20:01:52] Attempting to insert product: {'name': 'Gaspatxo estil andalús', 'price': 1.1, 'category': 'drinks', 'store_id': 'bonarea', 'quantity': '300 g'}
[2025-05-24 20:01:52] Supabase Response: data=[{'name': 'Gaspatxo estil andalús', 'price': 1.1, 'category': 'drinks', 'store_id': 'bonarea', 'quantity': '300 g', 'id': '6e1bad13-1422-4a5c-8f2a-3d5bbd94f7e8', 'created_at': '2025-05-24T17:01:51.790718'}] count=None
[2025-05-24 20:01:52] ✅ Successfully inserted: Gaspatxo estil andalús
[2025-05-24 20:01:52] Attempting to insert product: {'name': 'Gaspatxo de maduixa', 'price': 1.25, 'category': 'drinks', 'store_id': 'bonarea', 'quantity': '300 g'}
[2025-05-24 20:01:53] Supabase Response: data=[{'name': 'Gaspatxo de maduixa', 'price': 1.25, 'category': 'drinks', 'store_id': 'bonarea', 'quantity': '300 g', 'id': 'f982efce-5b8b-46ee-929b-b1f97ff36aca', 'created_at': '2025-05-24T17:01:52.030548'}] count=None
[2025-05-24 20:01:53] ✅ Successfully inserted: Gaspatxo de maduixa
[2025-05-24 20:01:53] Attempting to insert product: {'name': 'Hummus', 'price': 0.94, 'category': 'drinks', 'store_id': 'bonarea', 'quantity': '200 g'}
[2025-05-24 20:01:53] Supabase Response: data=[{'name': 'Hummus', 'price': 0.94, 'category': 'drinks', 'store_id': 'bonarea', 'quantity': '200 g', 'id': 'f7ba8f49-c0ed-438b-846b-f04893d9ad7e', 'created_at': '2025-05-24T17:01:52.396256'}] count=None
[2025-05-24 20:01:53] ✅ Successfully inserted: Hummus
[2025-05-24 20:01:53] Attempting to insert product: {'name': 'Cap de llom filetejat a la planxa', 'price': 2.4, 'category': 'drinks', 'store_id': 'bonarea', 'quantity': 'aprox. 198 g'}
[2025-05-24 20:01:53] Supabase Response: data=[{'name': 'Cap de llom filetejat a la planxa', 'price': 2.4, 'category': 'drinks', 'store_id': 'bonarea', 'quantity': 'aprox. 198 g', 'id': '68db439c-db7a-440b-a8fe-116444c257d4', 'created_at': '2025-05-24T17:01:52.697903'}] count=None
[2025-05-24 20:01:53] ✅ Successfully inserted: Cap de llom filetejat a la planxa
[2025-05-24 20:01:53] Attempting to insert product: {'name': "Conill d'espatlla d'anoll", 'price': 16.91, 'category': 'drinks', 'store_id': 'bonarea', 'quantity': 'aprox. 1,6 kg'}
[2025-05-24 20:01:54] Supabase Response: data=[{'name': "Conill d'espatlla d'anoll", 'price': 16.91, 'category': 'drinks', 'store_id': 'bonarea', 'quantity': 'aprox. 1,6 kg', 'id': 'a3989b6e-4eaa-4b9e-bf68-0fd28b3f5f9a', 'created_at': '2025-05-24T17:01:53.003824'}] count=None
[2025-05-24 20:01:54] ✅ Successfully inserted: Conill d'espatlla d'anoll
[2025-05-24 20:01:54] Attempting to insert product: {'name': "Jarret d'anoll", 'price': 22.76, 'category': 'drinks', 'store_id': 'bonarea', 'quantity': 'aprox. 2,0 kg'}
[2025-05-24 20:01:54] Supabase Response: data=[{'name': "Jarret d'anoll", 'price': 22.76, 'category': 'drinks', 'store_id': 'bonarea', 'quantity': 'aprox. 2,0 kg', 'id': 'f6e3d348-2263-46d3-8e1a-2b02b857515d', 'created_at': '2025-05-24T17:01:53.308076'}] count=None
[2025-05-24 20:01:54] ✅ Successfully inserted: Jarret d'anoll
[2025-05-24 20:01:54] Attempting to insert product: {'name': 'Mixt de bull negre i donegal', 'price': 1.1, 'category': 'drinks', 'store_id': 'bonarea', 'quantity': 'aprox. 143 g'}
[2025-05-24 20:01:54] Supabase Response: data=[{'name': 'Mixt de bull negre i donegal', 'price': 1.1, 'category': 'drinks', 'store_id': 'bonarea', 'quantity': 'aprox. 143 g', 'id': '108906a9-900c-42f8-8ff1-1fd1821747da', 'created_at': '2025-05-24T17:01:53.623258'}] count=None
[2025-05-24 20:01:54] ✅ Successfully inserted: Mixt de bull negre i donegal
[2025-05-24 20:01:54] Attempting to insert product: {'name': 'Càpsules Nescafé Dolce Gusto espresso intens', 'price': 4.25, 'category': 'drinks', 'store_id': 'bonarea', 'quantity': '16 u.'}
[2025-05-24 20:01:55] Supabase Response: data=[{'name': 'Càpsules Nescafé Dolce Gusto espresso intens', 'price': 4.25, 'category': 'drinks', 'store_id': 'bonarea', 'quantity': '16 u.', 'id': '278497dd-997d-4ed4-a04d-f7cec7421248', 'created_at': '2025-05-24T17:01:53.922347'}] count=None
[2025-05-24 20:01:55] ✅ Successfully inserted: Càpsules Nescafé Dolce Gusto espresso intens
[2025-05-24 20:01:55] Attempting to insert product: {'name': 'Salmó adults', 'price': 13.8, 'category': 'drinks', 'store_id': 'bonarea', 'quantity': '10 kg'}
[2025-05-24 20:01:55] Supabase Response: data=[{'name': 'Salmó adults', 'price': 13.8, 'category': 'drinks', 'store_id': 'bonarea', 'quantity': '10 kg', 'id': '5b34648a-5b30-446e-ac8b-c2f7ba983010', 'created_at': '2025-05-24T17:01:54.246542'}] count=None
[2025-05-24 20:01:55] ✅ Successfully inserted: Salmó adults
[2025-05-24 20:01:55] Attempting to insert product: {'name': 'Salmó adults', 'price': 4.44, 'category': 'drinks', 'store_id': 'bonarea', 'quantity': '3 kg'}
[2025-05-24 20:01:55] Supabase Response: data=[{'name': 'Salmó adults', 'price': 4.44, 'category': 'drinks', 'store_id': 'bonarea', 'quantity': '3 kg', 'id': 'c61fd52e-0c64-452a-8d2f-473115facfd9', 'created_at': '2025-05-24T17:01:54.540477'}] count=None
[2025-05-24 20:01:55] ✅ Successfully inserted: Salmó adults
[2025-05-24 20:01:55] Attempting to insert product: {'name': 'Original adults', 'price': 13.6, 'category': 'drinks', 'store_id': 'bonarea', 'quantity': '10 kg'}
[2025-05-24 20:01:55] Supabase Response: data=[{'name': 'Original adults', 'price': 13.6, 'category': 'drinks', 'store_id': 'bonarea', 'quantity': '10 kg', 'id': '88d5e31a-3043-467c-a15b-1a0820a4077d', 'created_at': '2025-05-24T17:01:54.844808'}] count=None
[2025-05-24 20:01:55] ✅ Successfully inserted: Original adults
[2025-05-24 20:01:56] Attempting to insert product: {'name': 'Original adults', 'price': 4.38, 'category': 'drinks', 'store_id': 'bonarea', 'quantity': '3 kg'}
[2025-05-24 20:01:56] Supabase Response: data=[{'name': 'Original adults', 'price': 4.38, 'category': 'drinks', 'store_id': 'bonarea', 'quantity': '3 kg', 'id': '72e68175-208f-4fc2-8c05-026bac564ef2', 'created_at': '2025-05-24T17:01:55.103557'}] count=None
[2025-05-24 20:01:56] ✅ Successfully inserted: Original adults
[2025-05-24 20:01:56] Attempting to insert product: {'name': 'Junior 2-12 mesos', 'price': 15.9, 'category': 'drinks', 'store_id': 'bonarea', 'quantity': '10 kg'}
[2025-05-24 20:01:56] Supabase Response: data=[{'name': 'Junior 2-12 mesos', 'price': 15.9, 'category': 'drinks', 'store_id': 'bonarea', 'quantity': '10 kg', 'id': '87324c2d-375c-4a6a-b793-28060b00cad4', 'created_at': '2025-05-24T17:01:55.380689'}] count=None
[2025-05-24 20:01:56] ✅ Successfully inserted: Junior 2-12 mesos
[2025-05-24 20:01:56] Attempting to insert product: {'name': 'Junior 2-12 mesos', 'price': 5.07, 'category': 'drinks', 'store_id': 'bonarea', 'quantity': '3 kg'}
[2025-05-24 20:01:56] Supabase Response: data=[{'name': 'Junior 2-12 mesos', 'price': 5.07, 'category': 'drinks', 'store_id': 'bonarea', 'quantity': '3 kg', 'id': '2a7ed49a-6826-4243-acac-ad0359a4d1cb', 'created_at': '2025-05-24T17:01:55.664316'}] count=None
[2025-05-24 20:01:56] ✅ Successfully inserted: Junior 2-12 mesos
[2025-05-24 20:01:56] Attempting to insert product: {'name': 'Pit de pollastre groc sencer', 'price': 4.54, 'category': 'drinks', 'store_id': 'bonarea', 'quantity': 'aprox. 693 g'}
[2025-05-24 20:01:57] Supabase Response: data=[{'name': 'Pit de pollastre groc sencer', 'price': 4.54, 'category': 'drinks', 'store_id': 'bonarea', 'quantity': 'aprox. 693 g', 'id': '3bcaceca-1124-4dde-b0d1-84f6b9d71fec', 'created_at': '2025-05-24T17:01:55.972222'}] count=None
[2025-05-24 20:01:57] ✅ Successfully inserted: Pit de pollastre groc sencer
[2025-05-24 20:01:57] Attempting to insert product: {'name': 'Pernilets de pollastre groc', 'price': 3.64, 'category': 'drinks', 'store_id': 'bonarea', 'quantity': 'aprox. 1,0 kg'}
[2025-05-24 20:01:57] Supabase Response: data=[{'name': 'Pernilets de pollastre groc', 'price': 3.64, 'category': 'drinks', 'store_id': 'bonarea', 'quantity': 'aprox. 1,0 kg', 'id': 'da56cfeb-5a68-454f-9b66-73c04b3694e8', 'created_at': '2025-05-24T17:01:56.218325'}] count=None
[2025-05-24 20:01:57] ✅ Successfully inserted: Pernilets de pollastre groc
[2025-05-24 20:01:57] Attempting to insert product: {'name': 'Pit de pollastre blanc sencer', 'price': 4.68, 'category': 'drinks', 'store_id': 'bonarea', 'quantity': 'aprox. 715 g'}
[2025-05-24 20:01:57] Supabase Response: data=[{'name': 'Pit de pollastre blanc sencer', 'price': 4.68, 'category': 'drinks', 'store_id': 'bonarea', 'quantity': 'aprox. 715 g', 'id': '409cb5ce-15e3-4d59-b7e6-908ad5a68682', 'created_at': '2025-05-24T17:01:56.465043'}] count=None
[2025-05-24 20:01:57] ✅ Successfully inserted: Pit de pollastre blanc sencer
[2025-05-24 20:01:57] Attempting to insert product: {'name': 'Pernilets de pollastre blanc', 'price': 3.8, 'category': 'drinks', 'store_id': 'bonarea', 'quantity': 'aprox. 1,1 kg'}
[2025-05-24 20:01:57] Supabase Response: data=[{'name': 'Pernilets de pollastre blanc', 'price': 3.8, 'category': 'drinks', 'store_id': 'bonarea', 'quantity': 'aprox. 1,1 kg', 'id': '66e1f8a9-80b4-460f-b835-c2f68067b803', 'created_at': '2025-05-24T17:01:56.720829'}] count=None
[2025-05-24 20:01:57] ✅ Successfully inserted: Pernilets de pollastre blanc
[2025-05-24 20:01:57] Attempting to insert product: {'name': 'Pit de pollastre groc filetejat', 'price': 4.69, 'category': 'drinks', 'store_id': 'bonarea', 'quantity': 'aprox. 660 g'}
[2025-05-24 20:01:58] Supabase Response: data=[{'name': 'Pit de pollastre groc filetejat', 'price': 4.69, 'category': 'drinks', 'store_id': 'bonarea', 'quantity': 'aprox. 660 g', 'id': 'a5e9d2ec-d490-4399-a7d1-37794b94e637', 'created_at': '2025-05-24T17:01:56.970091'}] count=None
[2025-05-24 20:01:58] ✅ Successfully inserted: Pit de pollastre groc filetejat
[2025-05-24 20:01:58] Attempting to insert product: {'name': 'Pit de pollastre sencer 65% cereals', 'price': 4.57, 'category': 'drinks', 'store_id': 'bonarea', 'quantity': 'aprox. 605 g'}
[2025-05-24 20:01:58] Supabase Response: data=[{'name': 'Pit de pollastre sencer 65% cereals', 'price': 4.57, 'category': 'drinks', 'store_id': 'bonarea', 'quantity': 'aprox. 605 g', 'id': '1d48f39d-d756-4b47-a22f-c2f9d4191dc4', 'created_at': '2025-05-24T17:01:57.216245'}] count=None
[2025-05-24 20:01:58] ✅ Successfully inserted: Pit de pollastre sencer 65% cereals
[2025-05-24 20:02:02] Attempting to insert product: {'name': 'Gaspatxo', 'price': 2.85, 'category': 'drinks', 'store_id': 'bonarea', 'quantity': '1 l'}
[2025-05-24 20:02:02] Supabase Response: data=[{'name': 'Gaspatxo', 'price': 2.85, 'category': 'drinks', 'store_id': 'bonarea', 'quantity': '1 l', 'id': '48f627eb-a681-44b6-aeb3-5ee78cba9a7d', 'created_at': '2025-05-24T17:02:01.228504'}] count=None
[2025-05-24 20:02:02] ✅ Successfully inserted: Gaspatxo
[2025-05-24 20:02:02] Attempting to insert product: {'name': 'Salmorejo', 'price': 3.15, 'category': 'drinks', 'store_id': 'bonarea', 'quantity': '1 l'}
[2025-05-24 20:02:02] Supabase Response: data=[{'name': 'Salmorejo', 'price': 3.15, 'category': 'drinks', 'store_id': 'bonarea', 'quantity': '1 l', 'id': '525e92cc-82f0-4ddc-8134-7d772aca9be8', 'created_at': '2025-05-24T17:02:01.493158'}] count=None
[2025-05-24 20:02:02] ✅ Successfully inserted: Salmorejo
[2025-05-24 20:02:03] Attempting to insert product: {'name': 'Gaspatxo bric', 'price': 1.95, 'category': 'drinks', 'store_id': 'bonarea', 'quantity': '1 l'}
[2025-05-24 20:02:03] Supabase Response: data=[{'name': 'Gaspatxo bric', 'price': 1.95, 'category': 'drinks', 'store_id': 'bonarea', 'quantity': '1 l', 'id': '0fd33bdf-eb22-40a4-a78c-11a4072a8914', 'created_at': '2025-05-24T17:02:02.072949'}] count=None
[2025-05-24 20:02:03] ✅ Successfully inserted: Gaspatxo bric
[2025-05-24 20:02:03] Attempting to insert product: {'name': 'Salmorejo bric', 'price': 2.3, 'category': 'drinks', 'store_id': 'bonarea', 'quantity': '1 l'}
[2025-05-24 20:02:03] Supabase Response: data=[{'name': 'Salmorejo bric', 'price': 2.3, 'category': 'drinks', 'store_id': 'bonarea', 'quantity': '1 l', 'id': 'f94c2c28-1b91-4167-a2e8-23b13205a2f4', 'created_at': '2025-05-24T17:02:02.344835'}] count=None
[2025-05-24 20:02:03] ✅ Successfully inserted: Salmorejo bric
[2025-05-24 20:02:03] Attempting to insert product: {'name': 'Gaspatxo estil andalús', 'price': 1.1, 'category': 'drinks', 'store_id': 'bonarea', 'quantity': '300 g'}
[2025-05-24 20:02:03] Supabase Response: data=[{'name': 'Gaspatxo estil andalús', 'price': 1.1, 'category': 'drinks', 'store_id': 'bonarea', 'quantity': '300 g', 'id': '5f6000cb-8045-41f4-a123-b8474f98aae6', 'created_at': '2025-05-24T17:02:02.630734'}] count=None
[2025-05-24 20:02:03] ✅ Successfully inserted: Gaspatxo estil andalús
[2025-05-24 20:02:03] Attempting to insert product: {'name': 'Gaspatxo de maduixa', 'price': 1.25, 'category': 'drinks', 'store_id': 'bonarea', 'quantity': '300 g'}
[2025-05-24 20:02:04] Supabase Response: data=[{'name': 'Gaspatxo de maduixa', 'price': 1.25, 'category': 'drinks', 'store_id': 'bonarea', 'quantity': '300 g', 'id': 'a0a8593c-d7a7-4fef-aad1-4dc1fca3d738', 'created_at': '2025-05-24T17:02:02.880464'}] count=None
[2025-05-24 20:02:04] ✅ Successfully inserted: Gaspatxo de maduixa
[2025-05-24 20:02:04] Attempting to insert product: {'name': 'Hummus', 'price': 0.94, 'category': 'drinks', 'store_id': 'bonarea', 'quantity': '200 g'}
[2025-05-24 20:02:04] Supabase Response: data=[{'name': 'Hummus', 'price': 0.94, 'category': 'drinks', 'store_id': 'bonarea', 'quantity': '200 g', 'id': 'c6d61a08-d608-47c7-bb67-d7c7ee7c92e7', 'created_at': '2025-05-24T17:02:03.154107'}] count=None
[2025-05-24 20:02:04] ✅ Successfully inserted: Hummus
[2025-05-24 20:02:04] Attempting to insert product: {'name': 'Cap de llom filetejat a la planxa', 'price': 2.4, 'category': 'drinks', 'store_id': 'bonarea', 'quantity': 'aprox. 198 g'}
[2025-05-24 20:02:04] Supabase Response: data=[{'name': 'Cap de llom filetejat a la planxa', 'price': 2.4, 'category': 'drinks', 'store_id': 'bonarea', 'quantity': 'aprox. 198 g', 'id': '40a0d930-04ea-4e24-aa13-c614a6a51d75', 'created_at': '2025-05-24T17:02:03.457041'}] count=None
[2025-05-24 20:02:04] ✅ Successfully inserted: Cap de llom filetejat a la planxa
[2025-05-24 20:02:04] Attempting to insert product: {'name': "Conill d'espatlla d'anoll", 'price': 16.91, 'category': 'drinks', 'store_id': 'bonarea', 'quantity': 'aprox. 1,6 kg'}
[2025-05-24 20:02:04] Supabase Response: data=[{'name': "Conill d'espatlla d'anoll", 'price': 16.91, 'category': 'drinks', 'store_id': 'bonarea', 'quantity': 'aprox. 1,6 kg', 'id': '66a152da-1940-4a9a-a515-9f194731cc4e', 'created_at': '2025-05-24T17:02:03.775589'}] count=None
[2025-05-24 20:02:04] ✅ Successfully inserted: Conill d'espatlla d'anoll
[2025-05-24 20:02:04] Attempting to insert product: {'name': "Jarret d'anoll", 'price': 22.76, 'category': 'drinks', 'store_id': 'bonarea', 'quantity': 'aprox. 2,0 kg'}
[2025-05-24 20:02:05] Supabase Response: data=[{'name': "Jarret d'anoll", 'price': 22.76, 'category': 'drinks', 'store_id': 'bonarea', 'quantity': 'aprox. 2,0 kg', 'id': 'f1991666-773d-406e-890f-0d6d0e4f642d', 'created_at': '2025-05-24T17:02:04.047904'}] count=None
[2025-05-24 20:02:05] ✅ Successfully inserted: Jarret d'anoll
[2025-05-24 20:02:05] Attempting to insert product: {'name': 'Mixt de bull negre i donegal', 'price': 1.1, 'category': 'drinks', 'store_id': 'bonarea', 'quantity': 'aprox. 143 g'}
[2025-05-24 20:02:05] Supabase Response: data=[{'name': 'Mixt de bull negre i donegal', 'price': 1.1, 'category': 'drinks', 'store_id': 'bonarea', 'quantity': 'aprox. 143 g', 'id': '10e67cac-dbdc-4581-ab6c-a176595ea42c', 'created_at': '2025-05-24T17:02:04.380867'}] count=None
[2025-05-24 20:02:05] ✅ Successfully inserted: Mixt de bull negre i donegal
[2025-05-24 20:02:05] Attempting to insert product: {'name': 'Càpsules Nescafé Dolce Gusto espresso intens', 'price': 4.25, 'category': 'drinks', 'store_id': 'bonarea', 'quantity': '16 u.'}
[2025-05-24 20:02:05] Supabase Response: data=[{'name': 'Càpsules Nescafé Dolce Gusto espresso intens', 'price': 4.25, 'category': 'drinks', 'store_id': 'bonarea', 'quantity': '16 u.', 'id': 'ddcedda6-8e76-4a46-85c1-fd482b92487a', 'created_at': '2025-05-24T17:02:04.682552'}] count=None
[2025-05-24 20:02:05] ✅ Successfully inserted: Càpsules Nescafé Dolce Gusto espresso intens
[2025-05-24 20:02:05] Attempting to insert product: {'name': 'Salmó adults', 'price': 13.8, 'category': 'drinks', 'store_id': 'bonarea', 'quantity': '10 kg'}
[2025-05-24 20:02:06] Supabase Response: data=[{'name': 'Salmó adults', 'price': 13.8, 'category': 'drinks', 'store_id': 'bonarea', 'quantity': '10 kg', 'id': '6516adc3-b34b-4a5a-b0b9-4759da3268fe', 'created_at': '2025-05-24T17:02:04.988114'}] count=None
[2025-05-24 20:02:06] ✅ Successfully inserted: Salmó adults
[2025-05-24 20:02:06] Attempting to insert product: {'name': 'Salmó adults', 'price': 4.44, 'category': 'drinks', 'store_id': 'bonarea', 'quantity': '3 kg'}
[2025-05-24 20:02:06] Supabase Response: data=[{'name': 'Salmó adults', 'price': 4.44, 'category': 'drinks', 'store_id': 'bonarea', 'quantity': '3 kg', 'id': 'c265aa55-e384-449f-801c-20b409e2e414', 'created_at': '2025-05-24T17:02:05.29347'}] count=None
[2025-05-24 20:02:06] ✅ Successfully inserted: Salmó adults
[2025-05-24 20:02:06] Attempting to insert product: {'name': 'Original adults', 'price': 13.6, 'category': 'drinks', 'store_id': 'bonarea', 'quantity': '10 kg'}
[2025-05-24 20:02:06] Supabase Response: data=[{'name': 'Original adults', 'price': 13.6, 'category': 'drinks', 'store_id': 'bonarea', 'quantity': '10 kg', 'id': 'b3d3152e-419a-4077-bf5c-9548f53c38c6', 'created_at': '2025-05-24T17:02:05.559708'}] count=None
[2025-05-24 20:02:06] ✅ Successfully inserted: Original adults
[2025-05-24 20:02:06] Attempting to insert product: {'name': 'Original adults', 'price': 4.38, 'category': 'drinks', 'store_id': 'bonarea', 'quantity': '3 kg'}
[2025-05-24 20:02:07] Supabase Response: data=[{'name': 'Original adults', 'price': 4.38, 'category': 'drinks', 'store_id': 'bonarea', 'quantity': '3 kg', 'id': '12f152b7-cd7c-4cbc-8c85-2e94f1c2c6fb', 'created_at': '2025-05-24T17:02:05.924924'}] count=None
[2025-05-24 20:02:07] ✅ Successfully inserted: Original adults
[2025-05-24 20:02:07] Attempting to insert product: {'name': 'Junior 2-12 mesos', 'price': 15.9, 'category': 'drinks', 'store_id': 'bonarea', 'quantity': '10 kg'}
[2025-05-24 20:02:07] Supabase Response: data=[{'name': 'Junior 2-12 mesos', 'price': 15.9, 'category': 'drinks', 'store_id': 'bonarea', 'quantity': '10 kg', 'id': '3cd07ec4-3b60-47d8-966d-044d952faa63', 'created_at': '2025-05-24T17:02:06.212895'}] count=None
[2025-05-24 20:02:07] ✅ Successfully inserted: Junior 2-12 mesos
[2025-05-24 20:02:07] Attempting to insert product: {'name': 'Junior 2-12 mesos', 'price': 5.07, 'category': 'drinks', 'store_id': 'bonarea', 'quantity': '3 kg'}
[2025-05-24 20:02:07] Supabase Response: data=[{'name': 'Junior 2-12 mesos', 'price': 5.07, 'category': 'drinks', 'store_id': 'bonarea', 'quantity': '3 kg', 'id': 'db26c115-c131-4ed4-8ce4-e32b33524fe8', 'created_at': '2025-05-24T17:02:06.580643'}] count=None
[2025-05-24 20:02:07] ✅ Successfully inserted: Junior 2-12 mesos
[2025-05-24 20:02:07] Attempting to insert product: {'name': 'Pit de pollastre groc sencer', 'price': 4.54, 'category': 'drinks', 'store_id': 'bonarea', 'quantity': 'aprox. 693 g'}
[2025-05-24 20:02:08] Supabase Response: data=[{'name': 'Pit de pollastre groc sencer', 'price': 4.54, 'category': 'drinks', 'store_id': 'bonarea', 'quantity': 'aprox. 693 g', 'id': 'e1162636-bece-473d-80c6-58482bf6e23c', 'created_at': '2025-05-24T17:02:06.848498'}] count=None
[2025-05-24 20:02:08] ✅ Successfully inserted: Pit de pollastre groc sencer
[2025-05-24 20:02:08] Attempting to insert product: {'name': 'Pernilets de pollastre groc', 'price': 3.64, 'category': 'drinks', 'store_id': 'bonarea', 'quantity': 'aprox. 1,0 kg'}
[2025-05-24 20:02:08] Supabase Response: data=[{'name': 'Pernilets de pollastre groc', 'price': 3.64, 'category': 'drinks', 'store_id': 'bonarea', 'quantity': 'aprox. 1,0 kg', 'id': 'e618c07c-a8b5-4fba-8c68-c2777c7f89fc', 'created_at': '2025-05-24T17:02:07.133696'}] count=None
[2025-05-24 20:02:08] ✅ Successfully inserted: Pernilets de pollastre groc
[2025-05-24 20:02:08] Attempting to insert product: {'name': 'Pit de pollastre blanc sencer', 'price': 4.68, 'category': 'drinks', 'store_id': 'bonarea', 'quantity': 'aprox. 715 g'}
[2025-05-24 20:02:08] Supabase Response: data=[{'name': 'Pit de pollastre blanc sencer', 'price': 4.68, 'category': 'drinks', 'store_id': 'bonarea', 'quantity': 'aprox. 715 g', 'id': 'f313992a-b418-40db-a255-c9648f81875b', 'created_at': '2025-05-24T17:02:07.505109'}] count=None
[2025-05-24 20:02:08] ✅ Successfully inserted: Pit de pollastre blanc sencer
[2025-05-24 20:02:08] Attempting to insert product: {'name': 'Pernilets de pollastre blanc', 'price': 3.8, 'category': 'drinks', 'store_id': 'bonarea', 'quantity': 'aprox. 1,1 kg'}
[2025-05-24 20:02:08] Supabase Response: data=[{'name': 'Pernilets de pollastre blanc', 'price': 3.8, 'category': 'drinks', 'store_id': 'bonarea', 'quantity': 'aprox. 1,1 kg', 'id': '709e21b6-6768-4aa3-bc98-8be01eb911f3', 'created_at': '2025-05-24T17:02:07.772043'}] count=None
[2025-05-24 20:02:08] ✅ Successfully inserted: Pernilets de pollastre blanc
[2025-05-24 20:02:09] Attempting to insert product: {'name': 'Pit de pollastre groc filetejat', 'price': 4.69, 'category': 'drinks', 'store_id': 'bonarea', 'quantity': 'aprox. 660 g'}
[2025-05-24 20:02:09] Supabase Response: data=[{'name': 'Pit de pollastre groc filetejat', 'price': 4.69, 'category': 'drinks', 'store_id': 'bonarea', 'quantity': 'aprox. 660 g', 'id': 'ac3ecd60-bc92-446e-a4ee-75dfa7ae75ad', 'created_at': '2025-05-24T17:02:08.082589'}] count=None
[2025-05-24 20:02:09] ✅ Successfully inserted: Pit de pollastre groc filetejat
[2025-05-24 20:02:09] Attempting to insert product: {'name': 'Pit de pollastre sencer 65% cereals', 'price': 4.57, 'category': 'drinks', 'store_id': 'bonarea', 'quantity': 'aprox. 605 g'}
[2025-05-24 20:02:09] Supabase Response: data=[{'name': 'Pit de pollastre sencer 65% cereals', 'price': 4.57, 'category': 'drinks', 'store_id': 'bonarea', 'quantity': 'aprox. 605 g', 'id': '78a0e026-ebc6-4c43-9677-26c38a1ed302', 'created_at': '2025-05-24T17:02:08.360866'}] count=None
[2025-05-24 20:02:09] ✅ Successfully inserted: Pit de pollastre sencer 65% cereals
[2025-05-24 20:02:13] Attempting to insert product: {'name': 'Gaspatxo', 'price': 2.85, 'category': 'drinks', 'store_id': 'bonarea', 'quantity': '1 l'}
[2025-05-24 20:02:13] Supabase Response: data=[{'name': 'Gaspatxo', 'price': 2.85, 'category': 'drinks', 'store_id': 'bonarea', 'quantity': '1 l', 'id': '9246b3c3-4aa0-44eb-aaf1-69bcbf5e7f47', 'created_at': '2025-05-24T17:02:12.481973'}] count=None
[2025-05-24 20:02:13] ✅ Successfully inserted: Gaspatxo
[2025-05-24 20:02:13] Attempting to insert product: {'name': 'Salmorejo', 'price': 3.15, 'category': 'drinks', 'store_id': 'bonarea', 'quantity': '1 l'}
[2025-05-24 20:02:13] Supabase Response: data=[{'name': 'Salmorejo', 'price': 3.15, 'category': 'drinks', 'store_id': 'bonarea', 'quantity': '1 l', 'id': 'f7b0d4ed-ac70-46a9-a342-846fb080317f', 'created_at': '2025-05-24T17:02:12.76847'}] count=None
[2025-05-24 20:02:13] ✅ Successfully inserted: Salmorejo
[2025-05-24 20:02:13] Attempting to insert product: {'name': 'Gaspatxo bric', 'price': 1.95, 'category': 'drinks', 'store_id': 'bonarea', 'quantity': '1 l'}
[2025-05-24 20:02:14] Supabase Response: data=[{'name': 'Gaspatxo bric', 'price': 1.95, 'category': 'drinks', 'store_id': 'bonarea', 'quantity': '1 l', 'id': '76525f1e-edee-424f-9182-5a354f2b7ebb', 'created_at': '2025-05-24T17:02:13.065328'}] count=None
[2025-05-24 20:02:14] ✅ Successfully inserted: Gaspatxo bric
[2025-05-24 20:02:14] Attempting to insert product: {'name': 'Salmorejo bric', 'price': 2.3, 'category': 'drinks', 'store_id': 'bonarea', 'quantity': '1 l'}
[2025-05-24 20:02:14] Supabase Response: data=[{'name': 'Salmorejo bric', 'price': 2.3, 'category': 'drinks', 'store_id': 'bonarea', 'quantity': '1 l', 'id': '40bcb0a2-7f39-4390-8666-1b7c82ed8773', 'created_at': '2025-05-24T17:02:13.399699'}] count=None
[2025-05-24 20:02:14] ✅ Successfully inserted: Salmorejo bric
[2025-05-24 20:02:14] Attempting to insert product: {'name': 'Gaspatxo estil andalús', 'price': 1.1, 'category': 'drinks', 'store_id': 'bonarea', 'quantity': '300 g'}
[2025-05-24 20:02:14] Supabase Response: data=[{'name': 'Gaspatxo estil andalús', 'price': 1.1, 'category': 'drinks', 'store_id': 'bonarea', 'quantity': '300 g', 'id': '67356b96-f73b-419c-9a59-ca3a4685aec9', 'created_at': '2025-05-24T17:02:13.68783'}] count=None
[2025-05-24 20:02:14] ✅ Successfully inserted: Gaspatxo estil andalús
[2025-05-24 20:02:14] Attempting to insert product: {'name': 'Gaspatxo de maduixa', 'price': 1.25, 'category': 'drinks', 'store_id': 'bonarea', 'quantity': '300 g'}
[2025-05-24 20:02:15] Supabase Response: data=[{'name': 'Gaspatxo de maduixa', 'price': 1.25, 'category': 'drinks', 'store_id': 'bonarea', 'quantity': '300 g', 'id': '969a52ad-9437-4486-b864-0e29cafa6ee4', 'created_at': '2025-05-24T17:02:13.997257'}] count=None
[2025-05-24 20:02:15] ✅ Successfully inserted: Gaspatxo de maduixa
[2025-05-24 20:02:15] Attempting to insert product: {'name': 'Hummus', 'price': 0.94, 'category': 'drinks', 'store_id': 'bonarea', 'quantity': '200 g'}
[2025-05-24 20:02:15] Supabase Response: data=[{'name': 'Hummus', 'price': 0.94, 'category': 'drinks', 'store_id': 'bonarea', 'quantity': '200 g', 'id': 'b25dd3ab-cfe9-4e13-aed3-6991cc09dcf7', 'created_at': '2025-05-24T17:02:14.281747'}] count=None
[2025-05-24 20:02:15] ✅ Successfully inserted: Hummus
[2025-05-24 20:02:15] Attempting to insert product: {'name': 'Cap de llom filetejat a la planxa', 'price': 2.4, 'category': 'drinks', 'store_id': 'bonarea', 'quantity': 'aprox. 198 g'}
[2025-05-24 20:02:15] Supabase Response: data=[{'name': 'Cap de llom filetejat a la planxa', 'price': 2.4, 'category': 'drinks', 'store_id': 'bonarea', 'quantity': 'aprox. 198 g', 'id': 'cdcbb958-34b4-4016-8211-a66ab655f29e', 'created_at': '2025-05-24T17:02:14.53623'}] count=None
[2025-05-24 20:02:15] ✅ Successfully inserted: Cap de llom filetejat a la planxa
[2025-05-24 20:02:15] Attempting to insert product: {'name': "Conill d'espatlla d'anoll", 'price': 16.91, 'category': 'drinks', 'store_id': 'bonarea', 'quantity': 'aprox. 1,6 kg'}
[2025-05-24 20:02:15] Supabase Response: data=[{'name': "Conill d'espatlla d'anoll", 'price': 16.91, 'category': 'drinks', 'store_id': 'bonarea', 'quantity': 'aprox. 1,6 kg', 'id': 'c84df523-c55a-4a8e-8698-60aa7acfdc02', 'created_at': '2025-05-24T17:02:14.779641'}] count=None
[2025-05-24 20:02:15] ✅ Successfully inserted: Conill d'espatlla d'anoll
[2025-05-24 20:02:15] Attempting to insert product: {'name': "Jarret d'anoll", 'price': 22.76, 'category': 'drinks', 'store_id': 'bonarea', 'quantity': 'aprox. 2,0 kg'}
[2025-05-24 20:02:16] Supabase Response: data=[{'name': "Jarret d'anoll", 'price': 22.76, 'category': 'drinks', 'store_id': 'bonarea', 'quantity': 'aprox. 2,0 kg', 'id': 'a41c321c-2c7c-45ba-9c2d-53bbd67043b8', 'created_at': '2025-05-24T17:02:15.019554'}] count=None
[2025-05-24 20:02:16] ✅ Successfully inserted: Jarret d'anoll
[2025-05-24 20:02:16] Attempting to insert product: {'name': 'Mixt de bull negre i donegal', 'price': 1.1, 'category': 'drinks', 'store_id': 'bonarea', 'quantity': 'aprox. 143 g'}
[2025-05-24 20:02:16] Supabase Response: data=[{'name': 'Mixt de bull negre i donegal', 'price': 1.1, 'category': 'drinks', 'store_id': 'bonarea', 'quantity': 'aprox. 143 g', 'id': 'a751f03c-755a-41c4-bc10-4f29442cb4db', 'created_at': '2025-05-24T17:02:15.261688'}] count=None
[2025-05-24 20:02:16] ✅ Successfully inserted: Mixt de bull negre i donegal
[2025-05-24 20:02:16] Attempting to insert product: {'name': 'Càpsules Nescafé Dolce Gusto espresso intens', 'price': 4.25, 'category': 'drinks', 'store_id': 'bonarea', 'quantity': '16 u.'}
[2025-05-24 20:02:16] Supabase Response: data=[{'name': 'Càpsules Nescafé Dolce Gusto espresso intens', 'price': 4.25, 'category': 'drinks', 'store_id': 'bonarea', 'quantity': '16 u.', 'id': '80c23bbe-1cb6-4c28-86c5-0465ff8db704', 'created_at': '2025-05-24T17:02:15.51173'}] count=None
[2025-05-24 20:02:16] ✅ Successfully inserted: Càpsules Nescafé Dolce Gusto espresso intens
[2025-05-24 20:02:16] Attempting to insert product: {'name': 'Salmó adults', 'price': 13.8, 'category': 'drinks', 'store_id': 'bonarea', 'quantity': '10 kg'}
[2025-05-24 20:02:16] Supabase Response: data=[{'name': 'Salmó adults', 'price': 13.8, 'category': 'drinks', 'store_id': 'bonarea', 'quantity': '10 kg', 'id': 'f4f86759-9583-4140-ae6b-547ee3b26df4', 'created_at': '2025-05-24T17:02:15.750735'}] count=None
[2025-05-24 20:02:16] ✅ Successfully inserted: Salmó adults
[2025-05-24 20:02:16] Attempting to insert product: {'name': 'Salmó adults', 'price': 4.44, 'category': 'drinks', 'store_id': 'bonarea', 'quantity': '3 kg'}
[2025-05-24 20:02:17] Supabase Response: data=[{'name': 'Salmó adults', 'price': 4.44, 'category': 'drinks', 'store_id': 'bonarea', 'quantity': '3 kg', 'id': '3d62c763-12a2-4d78-ba62-58e3de437e47', 'created_at': '2025-05-24T17:02:15.990991'}] count=None
[2025-05-24 20:02:17] ✅ Successfully inserted: Salmó adults
[2025-05-24 20:02:17] Attempting to insert product: {'name': 'Original adults', 'price': 13.6, 'category': 'drinks', 'store_id': 'bonarea', 'quantity': '10 kg'}
[2025-05-24 20:02:17] Supabase Response: data=[{'name': 'Original adults', 'price': 13.6, 'category': 'drinks', 'store_id': 'bonarea', 'quantity': '10 kg', 'id': '92cdacc1-bf8c-497d-8bc4-04a603bc653f', 'created_at': '2025-05-24T17:02:16.245521'}] count=None
[2025-05-24 20:02:17] ✅ Successfully inserted: Original adults
[2025-05-24 20:02:17] Attempting to insert product: {'name': 'Original adults', 'price': 4.38, 'category': 'drinks', 'store_id': 'bonarea', 'quantity': '3 kg'}
[2025-05-24 20:02:17] Supabase Response: data=[{'name': 'Original adults', 'price': 4.38, 'category': 'drinks', 'store_id': 'bonarea', 'quantity': '3 kg', 'id': '7956a1c8-7c54-465c-8726-c59295e96545', 'created_at': '2025-05-24T17:02:16.508292'}] count=None
[2025-05-24 20:02:17] ✅ Successfully inserted: Original adults
[2025-05-24 20:02:17] Attempting to insert product: {'name': 'Junior 2-12 mesos', 'price': 15.9, 'category': 'drinks', 'store_id': 'bonarea', 'quantity': '10 kg'}
[2025-05-24 20:02:17] Supabase Response: data=[{'name': 'Junior 2-12 mesos', 'price': 15.9, 'category': 'drinks', 'store_id': 'bonarea', 'quantity': '10 kg', 'id': 'd638a0cb-c531-4eec-8e55-8d2d64d08a7c', 'created_at': '2025-05-24T17:02:16.779603'}] count=None
[2025-05-24 20:02:17] ✅ Successfully inserted: Junior 2-12 mesos
[2025-05-24 20:02:18] Attempting to insert product: {'name': 'Junior 2-12 mesos', 'price': 5.07, 'category': 'drinks', 'store_id': 'bonarea', 'quantity': '3 kg'}
[2025-05-24 20:02:18] Supabase Response: data=[{'name': 'Junior 2-12 mesos', 'price': 5.07, 'category': 'drinks', 'store_id': 'bonarea', 'quantity': '3 kg', 'id': '3f2afbff-0639-4b24-9e74-266899bcacc0', 'created_at': '2025-05-24T17:02:17.069743'}] count=None
[2025-05-24 20:02:18] ✅ Successfully inserted: Junior 2-12 mesos
[2025-05-24 20:02:18] Attempting to insert product: {'name': 'Pit de pollastre groc sencer', 'price': 4.54, 'category': 'drinks', 'store_id': 'bonarea', 'quantity': 'aprox. 693 g'}
[2025-05-24 20:02:18] Supabase Response: data=[{'name': 'Pit de pollastre groc sencer', 'price': 4.54, 'category': 'drinks', 'store_id': 'bonarea', 'quantity': 'aprox. 693 g', 'id': '1e09e0fe-e06f-4e4e-8b4e-a03d2582e3ce', 'created_at': '2025-05-24T17:02:17.393072'}] count=None
[2025-05-24 20:02:18] ✅ Successfully inserted: Pit de pollastre groc sencer
[2025-05-24 20:02:18] Attempting to insert product: {'name': 'Pernilets de pollastre groc', 'price': 3.64, 'category': 'drinks', 'store_id': 'bonarea', 'quantity': 'aprox. 1,0 kg'}
[2025-05-24 20:02:18] Supabase Response: data=[{'name': 'Pernilets de pollastre groc', 'price': 3.64, 'category': 'drinks', 'store_id': 'bonarea', 'quantity': 'aprox. 1,0 kg', 'id': '9987db56-0422-46d3-815a-f5e43072e4d7', 'created_at': '2025-05-24T17:02:17.634259'}] count=None
[2025-05-24 20:02:18] ✅ Successfully inserted: Pernilets de pollastre groc
[2025-05-24 20:02:18] Attempting to insert product: {'name': 'Pit de pollastre blanc sencer', 'price': 4.68, 'category': 'drinks', 'store_id': 'bonarea', 'quantity': 'aprox. 715 g'}
[2025-05-24 20:02:19] Supabase Response: data=[{'name': 'Pit de pollastre blanc sencer', 'price': 4.68, 'category': 'drinks', 'store_id': 'bonarea', 'quantity': 'aprox. 715 g', 'id': 'f9859215-cd0e-4a70-a84b-d73c60693e6d', 'created_at': '2025-05-24T17:02:18.006996'}] count=None
[2025-05-24 20:02:19] ✅ Successfully inserted: Pit de pollastre blanc sencer
[2025-05-24 20:02:19] Attempting to insert product: {'name': 'Pernilets de pollastre blanc', 'price': 3.8, 'category': 'drinks', 'store_id': 'bonarea', 'quantity': 'aprox. 1,1 kg'}
[2025-05-24 20:02:19] Supabase Response: data=[{'name': 'Pernilets de pollastre blanc', 'price': 3.8, 'category': 'drinks', 'store_id': 'bonarea', 'quantity': 'aprox. 1,1 kg', 'id': '356da172-c333-4cd4-b580-1e17a760505e', 'created_at': '2025-05-24T17:02:18.311398'}] count=None
[2025-05-24 20:02:19] ✅ Successfully inserted: Pernilets de pollastre blanc
[2025-05-24 20:02:19] Attempting to insert product: {'name': 'Pit de pollastre groc filetejat', 'price': 4.69, 'category': 'drinks', 'store_id': 'bonarea', 'quantity': 'aprox. 660 g'}
[2025-05-24 20:02:19] Supabase Response: data=[{'name': 'Pit de pollastre groc filetejat', 'price': 4.69, 'category': 'drinks', 'store_id': 'bonarea', 'quantity': 'aprox. 660 g', 'id': '59c72802-370f-4506-99d1-85c9d9378a32', 'created_at': '2025-05-24T17:02:18.6004'}] count=None
[2025-05-24 20:02:19] ✅ Successfully inserted: Pit de pollastre groc filetejat
[2025-05-24 20:02:19] Attempting to insert product: {'name': 'Pit de pollastre sencer 65% cereals', 'price': 4.57, 'category': 'drinks', 'store_id': 'bonarea', 'quantity': 'aprox. 605 g'}
[2025-05-24 20:02:20] Supabase Response: data=[{'name': 'Pit de pollastre sencer 65% cereals', 'price': 4.57, 'category': 'drinks', 'store_id': 'bonarea', 'quantity': 'aprox. 605 g', 'id': '1de0f5ef-9fd2-4c88-876e-4d17bea46036', 'created_at': '2025-05-24T17:02:18.866121'}] count=None
[2025-05-24 20:02:20] ✅ Successfully inserted: Pit de pollastre sencer 65% cereals
[2025-05-24 20:02:23] Attempting to insert product: {'name': 'Gaspatxo', 'price': 2.85, 'category': 'drinks', 'store_id': 'bonarea', 'quantity': '1 l'}
[2025-05-24 20:02:24] Supabase Response: data=[{'name': 'Gaspatxo', 'price': 2.85, 'category': 'drinks', 'store_id': 'bonarea', 'quantity': '1 l', 'id': '2f3b483b-7327-4b52-8977-8f9de64578bd', 'created_at': '2025-05-24T17:02:23.02201'}] count=None
[2025-05-24 20:02:24] ✅ Successfully inserted: Gaspatxo
[2025-05-24 20:02:24] Attempting to insert product: {'name': 'Salmorejo', 'price': 3.15, 'category': 'drinks', 'store_id': 'bonarea', 'quantity': '1 l'}
[2025-05-24 20:02:24] Supabase Response: data=[{'name': 'Salmorejo', 'price': 3.15, 'category': 'drinks', 'store_id': 'bonarea', 'quantity': '1 l', 'id': 'e47399db-5978-4458-ba79-a26e617496b2', 'created_at': '2025-05-24T17:02:23.267397'}] count=None
[2025-05-24 20:02:24] ✅ Successfully inserted: Salmorejo
[2025-05-24 20:02:24] Attempting to insert product: {'name': 'Gaspatxo bric', 'price': 1.95, 'category': 'drinks', 'store_id': 'bonarea', 'quantity': '1 l'}
[2025-05-24 20:02:24] Supabase Response: data=[{'name': 'Gaspatxo bric', 'price': 1.95, 'category': 'drinks', 'store_id': 'bonarea', 'quantity': '1 l', 'id': 'a9d260a6-0429-44ad-b9c9-064debebb5eb', 'created_at': '2025-05-24T17:02:23.50931'}] count=None
[2025-05-24 20:02:24] ✅ Successfully inserted: Gaspatxo bric
[2025-05-24 20:02:24] Attempting to insert product: {'name': 'Salmorejo bric', 'price': 2.3, 'category': 'drinks', 'store_id': 'bonarea', 'quantity': '1 l'}
[2025-05-24 20:02:24] Supabase Response: data=[{'name': 'Salmorejo bric', 'price': 2.3, 'category': 'drinks', 'store_id': 'bonarea', 'quantity': '1 l', 'id': 'e301d295-66aa-4a2d-8a38-a439c387162e', 'created_at': '2025-05-24T17:02:23.768585'}] count=None
[2025-05-24 20:02:24] ✅ Successfully inserted: Salmorejo bric
[2025-05-24 20:02:24] Attempting to insert product: {'name': 'Gaspatxo estil andalús', 'price': 1.1, 'category': 'drinks', 'store_id': 'bonarea', 'quantity': '300 g'}
[2025-05-24 20:02:25] Supabase Response: data=[{'name': 'Gaspatxo estil andalús', 'price': 1.1, 'category': 'drinks', 'store_id': 'bonarea', 'quantity': '300 g', 'id': '2f8cd25a-8c02-40bf-9e66-a4f130f6a55a', 'created_at': '2025-05-24T17:02:24.03049'}] count=None
[2025-05-24 20:02:25] ✅ Successfully inserted: Gaspatxo estil andalús
[2025-05-24 20:02:25] Attempting to insert product: {'name': 'Gaspatxo de maduixa', 'price': 1.25, 'category': 'drinks', 'store_id': 'bonarea', 'quantity': '300 g'}
[2025-05-24 20:02:25] Supabase Response: data=[{'name': 'Gaspatxo de maduixa', 'price': 1.25, 'category': 'drinks', 'store_id': 'bonarea', 'quantity': '300 g', 'id': '9fc987cb-5176-489e-bb73-dd887a786397', 'created_at': '2025-05-24T17:02:24.269556'}] count=None
[2025-05-24 20:02:25] ✅ Successfully inserted: Gaspatxo de maduixa
[2025-05-24 20:02:25] Attempting to insert product: {'name': 'Hummus', 'price': 0.94, 'category': 'drinks', 'store_id': 'bonarea', 'quantity': '200 g'}
[2025-05-24 20:02:25] Supabase Response: data=[{'name': 'Hummus', 'price': 0.94, 'category': 'drinks', 'store_id': 'bonarea', 'quantity': '200 g', 'id': '2919c856-7a14-48a6-803b-95394a5fd0fe', 'created_at': '2025-05-24T17:02:24.535754'}] count=None
[2025-05-24 20:02:25] ✅ Successfully inserted: Hummus
[2025-05-24 20:02:25] Attempting to insert product: {'name': 'Cap de llom filetejat a la planxa', 'price': 2.4, 'category': 'drinks', 'store_id': 'bonarea', 'quantity': 'aprox. 198 g'}
[2025-05-24 20:02:25] Supabase Response: data=[{'name': 'Cap de llom filetejat a la planxa', 'price': 2.4, 'category': 'drinks', 'store_id': 'bonarea', 'quantity': 'aprox. 198 g', 'id': 'be76ede5-111f-473d-a5cc-09086e498c29', 'created_at': '2025-05-24T17:02:24.782872'}] count=None
[2025-05-24 20:02:25] ✅ Successfully inserted: Cap de llom filetejat a la planxa
[2025-05-24 20:02:25] Attempting to insert product: {'name': "Conill d'espatlla d'anoll", 'price': 16.91, 'category': 'drinks', 'store_id': 'bonarea', 'quantity': 'aprox. 1,6 kg'}
[2025-05-24 20:02:26] Supabase Response: data=[{'name': "Conill d'espatlla d'anoll", 'price': 16.91, 'category': 'drinks', 'store_id': 'bonarea', 'quantity': 'aprox. 1,6 kg', 'id': '08811ebc-0c57-4587-b1a1-3065e336cf3f', 'created_at': '2025-05-24T17:02:25.023786'}] count=None
[2025-05-24 20:02:26] ✅ Successfully inserted: Conill d'espatlla d'anoll
[2025-05-24 20:02:26] Attempting to insert product: {'name': "Jarret d'anoll", 'price': 22.76, 'category': 'drinks', 'store_id': 'bonarea', 'quantity': 'aprox. 2,0 kg'}
[2025-05-24 20:02:26] Supabase Response: data=[{'name': "Jarret d'anoll", 'price': 22.76, 'category': 'drinks', 'store_id': 'bonarea', 'quantity': 'aprox. 2,0 kg', 'id': '29fc289d-444a-46b5-a608-84aa79d48b95', 'created_at': '2025-05-24T17:02:25.360535'}] count=None
[2025-05-24 20:02:26] ✅ Successfully inserted: Jarret d'anoll
[2025-05-24 20:02:26] Attempting to insert product: {'name': 'Mixt de bull negre i donegal', 'price': 1.1, 'category': 'drinks', 'store_id': 'bonarea', 'quantity': 'aprox. 143 g'}
[2025-05-24 20:02:26] Supabase Response: data=[{'name': 'Mixt de bull negre i donegal', 'price': 1.1, 'category': 'drinks', 'store_id': 'bonarea', 'quantity': 'aprox. 143 g', 'id': '6c9aa4dc-e4b2-4e59-88af-ba724c44e567', 'created_at': '2025-05-24T17:02:25.688561'}] count=None
[2025-05-24 20:02:26] ✅ Successfully inserted: Mixt de bull negre i donegal
[2025-05-24 20:02:26] Attempting to insert product: {'name': 'Càpsules Nescafé Dolce Gusto espresso intens', 'price': 4.25, 'category': 'drinks', 'store_id': 'bonarea', 'quantity': '16 u.'}
[2025-05-24 20:02:27] Supabase Response: data=[{'name': 'Càpsules Nescafé Dolce Gusto espresso intens', 'price': 4.25, 'category': 'drinks', 'store_id': 'bonarea', 'quantity': '16 u.', 'id': 'f67283ab-bd8b-4534-afc3-2d1e05ce8483', 'created_at': '2025-05-24T17:02:25.979509'}] count=None
[2025-05-24 20:02:27] ✅ Successfully inserted: Càpsules Nescafé Dolce Gusto espresso intens
[2025-05-24 20:02:27] Attempting to insert product: {'name': 'Salmó adults', 'price': 13.8, 'category': 'drinks', 'store_id': 'bonarea', 'quantity': '10 kg'}
[2025-05-24 20:02:27] Supabase Response: data=[{'name': 'Salmó adults', 'price': 13.8, 'category': 'drinks', 'store_id': 'bonarea', 'quantity': '10 kg', 'id': '02aece8c-eb12-41bb-ac42-006160e5ce38', 'created_at': '2025-05-24T17:02:26.298328'}] count=None
[2025-05-24 20:02:27] ✅ Successfully inserted: Salmó adults
[2025-05-24 20:02:27] Attempting to insert product: {'name': 'Salmó adults', 'price': 4.44, 'category': 'drinks', 'store_id': 'bonarea', 'quantity': '3 kg'}
[2025-05-24 20:02:27] Supabase Response: data=[{'name': 'Salmó adults', 'price': 4.44, 'category': 'drinks', 'store_id': 'bonarea', 'quantity': '3 kg', 'id': '7179a3da-7031-4667-94e6-3c6edd2be6bb', 'created_at': '2025-05-24T17:02:26.609777'}] count=None
[2025-05-24 20:02:27] ✅ Successfully inserted: Salmó adults
[2025-05-24 20:02:27] Attempting to insert product: {'name': 'Original adults', 'price': 13.6, 'category': 'drinks', 'store_id': 'bonarea', 'quantity': '10 kg'}
[2025-05-24 20:02:28] Supabase Response: data=[{'name': 'Original adults', 'price': 13.6, 'category': 'drinks', 'store_id': 'bonarea', 'quantity': '10 kg', 'id': '558381c2-bcfc-4212-9faa-7b1cd4142c5a', 'created_at': '2025-05-24T17:02:26.918262'}] count=None
[2025-05-24 20:02:28] ✅ Successfully inserted: Original adults
[2025-05-24 20:02:28] Attempting to insert product: {'name': 'Original adults', 'price': 4.38, 'category': 'drinks', 'store_id': 'bonarea', 'quantity': '3 kg'}
[2025-05-24 20:02:28] Supabase Response: data=[{'name': 'Original adults', 'price': 4.38, 'category': 'drinks', 'store_id': 'bonarea', 'quantity': '3 kg', 'id': 'be06a1c9-4e56-4001-890b-ca5d45847076', 'created_at': '2025-05-24T17:02:27.203686'}] count=None
[2025-05-24 20:02:28] ✅ Successfully inserted: Original adults
[2025-05-24 20:02:28] Attempting to insert product: {'name': 'Junior 2-12 mesos', 'price': 15.9, 'category': 'drinks', 'store_id': 'bonarea', 'quantity': '10 kg'}
[2025-05-24 20:02:28] Supabase Response: data=[{'name': 'Junior 2-12 mesos', 'price': 15.9, 'category': 'drinks', 'store_id': 'bonarea', 'quantity': '10 kg', 'id': 'd5aa8500-cda1-48a5-8cfc-985f55bebbe6', 'created_at': '2025-05-24T17:02:27.507836'}] count=None
[2025-05-24 20:02:28] ✅ Successfully inserted: Junior 2-12 mesos
[2025-05-24 20:02:28] Attempting to insert product: {'name': 'Junior 2-12 mesos', 'price': 5.07, 'category': 'drinks', 'store_id': 'bonarea', 'quantity': '3 kg'}
[2025-05-24 20:02:29] Supabase Response: data=[{'name': 'Junior 2-12 mesos', 'price': 5.07, 'category': 'drinks', 'store_id': 'bonarea', 'quantity': '3 kg', 'id': '7ad9e4be-d79f-4241-a1af-d162eecaa26a', 'created_at': '2025-05-24T17:02:27.823993'}] count=None
[2025-05-24 20:02:29] ✅ Successfully inserted: Junior 2-12 mesos
[2025-05-24 20:02:29] Attempting to insert product: {'name': 'Pit de pollastre groc sencer', 'price': 4.54, 'category': 'drinks', 'store_id': 'bonarea', 'quantity': 'aprox. 693 g'}
[2025-05-24 20:02:29] Supabase Response: data=[{'name': 'Pit de pollastre groc sencer', 'price': 4.54, 'category': 'drinks', 'store_id': 'bonarea', 'quantity': 'aprox. 693 g', 'id': 'e665539d-1a52-4fef-91f6-e7f7fe69f660', 'created_at': '2025-05-24T17:02:28.106242'}] count=None
[2025-05-24 20:02:29] ✅ Successfully inserted: Pit de pollastre groc sencer
[2025-05-24 20:02:29] Attempting to insert product: {'name': 'Pernilets de pollastre groc', 'price': 3.64, 'category': 'drinks', 'store_id': 'bonarea', 'quantity': 'aprox. 1,0 kg'}
[2025-05-24 20:02:29] Supabase Response: data=[{'name': 'Pernilets de pollastre groc', 'price': 3.64, 'category': 'drinks', 'store_id': 'bonarea', 'quantity': 'aprox. 1,0 kg', 'id': 'ef3c4753-2b3a-42f2-aba8-b94217de7b88', 'created_at': '2025-05-24T17:02:28.367872'}] count=None
[2025-05-24 20:02:29] ✅ Successfully inserted: Pernilets de pollastre groc
[2025-05-24 20:02:29] Attempting to insert product: {'name': 'Pit de pollastre blanc sencer', 'price': 4.68, 'category': 'drinks', 'store_id': 'bonarea', 'quantity': 'aprox. 715 g'}
[2025-05-24 20:02:29] Supabase Response: data=[{'name': 'Pit de pollastre blanc sencer', 'price': 4.68, 'category': 'drinks', 'store_id': 'bonarea', 'quantity': 'aprox. 715 g', 'id': 'a0a65802-bf17-4f91-b1cb-2c2061651466', 'created_at': '2025-05-24T17:02:28.637757'}] count=None
[2025-05-24 20:02:29] ✅ Successfully inserted: Pit de pollastre blanc sencer
[2025-05-24 20:02:29] Attempting to insert product: {'name': 'Pernilets de pollastre blanc', 'price': 3.8, 'category': 'drinks', 'store_id': 'bonarea', 'quantity': 'aprox. 1,1 kg'}
[2025-05-24 20:02:30] Supabase Response: data=[{'name': 'Pernilets de pollastre blanc', 'price': 3.8, 'category': 'drinks', 'store_id': 'bonarea', 'quantity': 'aprox. 1,1 kg', 'id': 'eb67c308-9acf-447b-9c96-9de3660f3308', 'created_at': '2025-05-24T17:02:29.010957'}] count=None
[2025-05-24 20:02:30] ✅ Successfully inserted: Pernilets de pollastre blanc
[2025-05-24 20:02:30] Attempting to insert product: {'name': 'Pit de pollastre groc filetejat', 'price': 4.69, 'category': 'drinks', 'store_id': 'bonarea', 'quantity': 'aprox. 660 g'}
[2025-05-24 20:02:30] Supabase Response: data=[{'name': 'Pit de pollastre groc filetejat', 'price': 4.69, 'category': 'drinks', 'store_id': 'bonarea', 'quantity': 'aprox. 660 g', 'id': 'cb6f390f-b928-4759-bfa4-3590705dd424', 'created_at': '2025-05-24T17:02:29.354303'}] count=None
[2025-05-24 20:02:30] ✅ Successfully inserted: Pit de pollastre groc filetejat
[2025-05-24 20:02:30] Attempting to insert product: {'name': 'Pit de pollastre sencer 65% cereals', 'price': 4.57, 'category': 'drinks', 'store_id': 'bonarea', 'quantity': 'aprox. 605 g'}
[2025-05-24 20:02:30] Supabase Response: data=[{'name': 'Pit de pollastre sencer 65% cereals', 'price': 4.57, 'category': 'drinks', 'store_id': 'bonarea', 'quantity': 'aprox. 605 g', 'id': 'f4d4cbb8-d69c-4e3b-8a9c-f1ae2e127cb6', 'created_at': '2025-05-24T17:02:29.666361'}] count=None
[2025-05-24 20:02:30] ✅ Successfully inserted: Pit de pollastre sencer 65% cereals
[2025-05-24 20:02:34] Attempting to insert product: {'name': 'Gaspatxo', 'price': 2.85, 'category': 'drinks', 'store_id': 'bonarea', 'quantity': '1 l'}
[2025-05-24 20:02:34] Supabase Response: data=[{'name': 'Gaspatxo', 'price': 2.85, 'category': 'drinks', 'store_id': 'bonarea', 'quantity': '1 l', 'id': 'bd7aed0a-da10-4c30-8f53-282e820562cc', 'created_at': '2025-05-24T17:02:33.682433'}] count=None
[2025-05-24 20:02:34] ✅ Successfully inserted: Gaspatxo
[2025-05-24 20:02:34] Attempting to insert product: {'name': 'Salmorejo', 'price': 3.15, 'category': 'drinks', 'store_id': 'bonarea', 'quantity': '1 l'}
[2025-05-24 20:02:35] Supabase Response: data=[{'name': 'Salmorejo', 'price': 3.15, 'category': 'drinks', 'store_id': 'bonarea', 'quantity': '1 l', 'id': '6a3ce1cd-2b7a-4097-88e1-028cf6ba84dd', 'created_at': '2025-05-24T17:02:33.931'}] count=None
[2025-05-24 20:02:35] ✅ Successfully inserted: Salmorejo
[2025-05-24 20:02:35] Attempting to insert product: {'name': 'Gaspatxo bric', 'price': 1.95, 'category': 'drinks', 'store_id': 'bonarea', 'quantity': '1 l'}
[2025-05-24 20:02:35] Supabase Response: data=[{'name': 'Gaspatxo bric', 'price': 1.95, 'category': 'drinks', 'store_id': 'bonarea', 'quantity': '1 l', 'id': '091d8d26-e7df-4052-ab8d-3d8d99ba9917', 'created_at': '2025-05-24T17:02:34.203777'}] count=None
[2025-05-24 20:02:35] ✅ Successfully inserted: Gaspatxo bric
[2025-05-24 20:02:35] Attempting to insert product: {'name': 'Salmorejo bric', 'price': 2.3, 'category': 'drinks', 'store_id': 'bonarea', 'quantity': '1 l'}
[2025-05-24 20:02:35] Supabase Response: data=[{'name': 'Salmorejo bric', 'price': 2.3, 'category': 'drinks', 'store_id': 'bonarea', 'quantity': '1 l', 'id': '19c93397-87f9-40b9-b718-e09df2b56337', 'created_at': '2025-05-24T17:02:34.470932'}] count=None
[2025-05-24 20:02:35] ✅ Successfully inserted: Salmorejo bric
[2025-05-24 20:02:35] Attempting to insert product: {'name': 'Gaspatxo estil andalús', 'price': 1.1, 'category': 'drinks', 'store_id': 'bonarea', 'quantity': '300 g'}
[2025-05-24 20:02:35] Supabase Response: data=[{'name': 'Gaspatxo estil andalús', 'price': 1.1, 'category': 'drinks', 'store_id': 'bonarea', 'quantity': '300 g', 'id': '28dc1146-81ce-43c0-8043-cf7e14b4b968', 'created_at': '2025-05-24T17:02:34.719025'}] count=None
[2025-05-24 20:02:35] ✅ Successfully inserted: Gaspatxo estil andalús
[2025-05-24 20:02:35] Attempting to insert product: {'name': 'Gaspatxo de maduixa', 'price': 1.25, 'category': 'drinks', 'store_id': 'bonarea', 'quantity': '300 g'}
[2025-05-24 20:02:36] Supabase Response: data=[{'name': 'Gaspatxo de maduixa', 'price': 1.25, 'category': 'drinks', 'store_id': 'bonarea', 'quantity': '300 g', 'id': '996b3a8c-d4cd-46b8-8cec-80e88cb2617c', 'created_at': '2025-05-24T17:02:34.968083'}] count=None
[2025-05-24 20:02:36] ✅ Successfully inserted: Gaspatxo de maduixa
[2025-05-24 20:02:36] Attempting to insert product: {'name': 'Hummus', 'price': 0.94, 'category': 'drinks', 'store_id': 'bonarea', 'quantity': '200 g'}
[2025-05-24 20:02:36] Supabase Response: data=[{'name': 'Hummus', 'price': 0.94, 'category': 'drinks', 'store_id': 'bonarea', 'quantity': '200 g', 'id': 'aac7b394-afb1-48e2-81a5-e21104f17f91', 'created_at': '2025-05-24T17:02:35.21139'}] count=None
[2025-05-24 20:02:36] ✅ Successfully inserted: Hummus
[2025-05-24 20:02:36] Attempting to insert product: {'name': 'Cap de llom filetejat a la planxa', 'price': 2.4, 'category': 'drinks', 'store_id': 'bonarea', 'quantity': 'aprox. 198 g'}
[2025-05-24 20:02:36] Supabase Response: data=[{'name': 'Cap de llom filetejat a la planxa', 'price': 2.4, 'category': 'drinks', 'store_id': 'bonarea', 'quantity': 'aprox. 198 g', 'id': '2bbdd0a9-289b-43c8-a64a-15a60434cfe9', 'created_at': '2025-05-24T17:02:35.507388'}] count=None
[2025-05-24 20:02:36] ✅ Successfully inserted: Cap de llom filetejat a la planxa
[2025-05-24 20:02:36] Attempting to insert product: {'name': "Conill d'espatlla d'anoll", 'price': 16.91, 'category': 'drinks', 'store_id': 'bonarea', 'quantity': 'aprox. 1,6 kg'}
[2025-05-24 20:02:37] Supabase Response: data=[{'name': "Conill d'espatlla d'anoll", 'price': 16.91, 'category': 'drinks', 'store_id': 'bonarea', 'quantity': 'aprox. 1,6 kg', 'id': 'c3ac60a2-3989-4fed-8794-bb96c44f4917', 'created_at': '2025-05-24T17:02:35.785996'}] count=None
[2025-05-24 20:02:37] ✅ Successfully inserted: Conill d'espatlla d'anoll
[2025-05-24 20:02:37] Attempting to insert product: {'name': "Jarret d'anoll", 'price': 22.76, 'category': 'drinks', 'store_id': 'bonarea', 'quantity': 'aprox. 2,0 kg'}
[2025-05-24 20:02:37] Supabase Response: data=[{'name': "Jarret d'anoll", 'price': 22.76, 'category': 'drinks', 'store_id': 'bonarea', 'quantity': 'aprox. 2,0 kg', 'id': '2c924167-3b28-4b5d-a85c-69d62d5dfdab', 'created_at': '2025-05-24T17:02:36.121967'}] count=None
[2025-05-24 20:02:37] ✅ Successfully inserted: Jarret d'anoll
[2025-05-24 20:02:37] Attempting to insert product: {'name': 'Mixt de bull negre i donegal', 'price': 1.1, 'category': 'drinks', 'store_id': 'bonarea', 'quantity': 'aprox. 143 g'}
[2025-05-24 20:02:37] Supabase Response: data=[{'name': 'Mixt de bull negre i donegal', 'price': 1.1, 'category': 'drinks', 'store_id': 'bonarea', 'quantity': 'aprox. 143 g', 'id': 'e5d199cf-f232-443f-8fec-d404bbc4bb2a', 'created_at': '2025-05-24T17:02:36.392546'}] count=None
[2025-05-24 20:02:37] ✅ Successfully inserted: Mixt de bull negre i donegal
[2025-05-24 20:02:37] Attempting to insert product: {'name': 'Càpsules Nescafé Dolce Gusto espresso intens', 'price': 4.25, 'category': 'drinks', 'store_id': 'bonarea', 'quantity': '16 u.'}
[2025-05-24 20:02:37] Supabase Response: data=[{'name': 'Càpsules Nescafé Dolce Gusto espresso intens', 'price': 4.25, 'category': 'drinks', 'store_id': 'bonarea', 'quantity': '16 u.', 'id': '342d5c7c-bd19-4b9a-b380-b48060a916c1', 'created_at': '2025-05-24T17:02:36.659186'}] count=None
[2025-05-24 20:02:37] ✅ Successfully inserted: Càpsules Nescafé Dolce Gusto espresso intens
[2025-05-24 20:02:37] Attempting to insert product: {'name': 'Salmó adults', 'price': 13.8, 'category': 'drinks', 'store_id': 'bonarea', 'quantity': '10 kg'}
[2025-05-24 20:02:38] Supabase Response: data=[{'name': 'Salmó adults', 'price': 13.8, 'category': 'drinks', 'store_id': 'bonarea', 'quantity': '10 kg', 'id': 'fe8efba4-70ea-4434-9c02-726d3250a097', 'created_at': '2025-05-24T17:02:37.003222'}] count=None
[2025-05-24 20:02:38] ✅ Successfully inserted: Salmó adults
[2025-05-24 20:02:38] Attempting to insert product: {'name': 'Salmó adults', 'price': 4.44, 'category': 'drinks', 'store_id': 'bonarea', 'quantity': '3 kg'}
[2025-05-24 20:02:38] Supabase Response: data=[{'name': 'Salmó adults', 'price': 4.44, 'category': 'drinks', 'store_id': 'bonarea', 'quantity': '3 kg', 'id': '5a8567a1-4aad-4129-9791-29bb203c82c0', 'created_at': '2025-05-24T17:02:37.423314'}] count=None
[2025-05-24 20:02:38] ✅ Successfully inserted: Salmó adults
[2025-05-24 20:02:38] Attempting to insert product: {'name': 'Original adults', 'price': 13.6, 'category': 'drinks', 'store_id': 'bonarea', 'quantity': '10 kg'}
[2025-05-24 20:02:38] Supabase Response: data=[{'name': 'Original adults', 'price': 13.6, 'category': 'drinks', 'store_id': 'bonarea', 'quantity': '10 kg', 'id': 'a877df28-b058-438d-aab9-34928a4026df', 'created_at': '2025-05-24T17:02:37.685532'}] count=None
[2025-05-24 20:02:38] ✅ Successfully inserted: Original adults
[2025-05-24 20:02:38] Attempting to insert product: {'name': 'Original adults', 'price': 4.38, 'category': 'drinks', 'store_id': 'bonarea', 'quantity': '3 kg'}
[2025-05-24 20:02:39] Supabase Response: data=[{'name': 'Original adults', 'price': 4.38, 'category': 'drinks', 'store_id': 'bonarea', 'quantity': '3 kg', 'id': '8226d7ce-0654-41a2-841a-ecac49be7d5c', 'created_at': '2025-05-24T17:02:37.994752'}] count=None
[2025-05-24 20:02:39] ✅ Successfully inserted: Original adults
[2025-05-24 20:02:39] Attempting to insert product: {'name': 'Junior 2-12 mesos', 'price': 15.9, 'category': 'drinks', 'store_id': 'bonarea', 'quantity': '10 kg'}
[2025-05-24 20:02:39] Supabase Response: data=[{'name': 'Junior 2-12 mesos', 'price': 15.9, 'category': 'drinks', 'store_id': 'bonarea', 'quantity': '10 kg', 'id': 'e14dbf46-9cd6-4a16-8812-e55d99f7b4b5', 'created_at': '2025-05-24T17:02:38.257515'}] count=None
[2025-05-24 20:02:39] ✅ Successfully inserted: Junior 2-12 mesos
[2025-05-24 20:02:39] Attempting to insert product: {'name': 'Junior 2-12 mesos', 'price': 5.07, 'category': 'drinks', 'store_id': 'bonarea', 'quantity': '3 kg'}
[2025-05-24 20:02:39] Supabase Response: data=[{'name': 'Junior 2-12 mesos', 'price': 5.07, 'category': 'drinks', 'store_id': 'bonarea', 'quantity': '3 kg', 'id': 'f22d297e-4038-46bc-a69c-9fa5e2332d33', 'created_at': '2025-05-24T17:02:38.564023'}] count=None
[2025-05-24 20:02:39] ✅ Successfully inserted: Junior 2-12 mesos
[2025-05-24 20:02:39] Attempting to insert product: {'name': 'Pit de pollastre groc sencer', 'price': 4.54, 'category': 'drinks', 'store_id': 'bonarea', 'quantity': 'aprox. 693 g'}
[2025-05-24 20:02:40] Supabase Response: data=[{'name': 'Pit de pollastre groc sencer', 'price': 4.54, 'category': 'drinks', 'store_id': 'bonarea', 'quantity': 'aprox. 693 g', 'id': '05e51184-5cdd-4838-8299-8fcd6ac8a31b', 'created_at': '2025-05-24T17:02:38.857926'}] count=None
[2025-05-24 20:02:40] ✅ Successfully inserted: Pit de pollastre groc sencer
[2025-05-24 20:02:40] Attempting to insert product: {'name': 'Pernilets de pollastre groc', 'price': 3.64, 'category': 'drinks', 'store_id': 'bonarea', 'quantity': 'aprox. 1,0 kg'}
[2025-05-24 20:02:40] Supabase Response: data=[{'name': 'Pernilets de pollastre groc', 'price': 3.64, 'category': 'drinks', 'store_id': 'bonarea', 'quantity': 'aprox. 1,0 kg', 'id': '3f63a93f-72c1-438b-ae90-c04dd33e3876', 'created_at': '2025-05-24T17:02:39.103626'}] count=None
[2025-05-24 20:02:40] ✅ Successfully inserted: Pernilets de pollastre groc
[2025-05-24 20:02:40] Attempting to insert product: {'name': 'Pit de pollastre blanc sencer', 'price': 4.68, 'category': 'drinks', 'store_id': 'bonarea', 'quantity': 'aprox. 715 g'}
[2025-05-24 20:02:40] Supabase Response: data=[{'name': 'Pit de pollastre blanc sencer', 'price': 4.68, 'category': 'drinks', 'store_id': 'bonarea', 'quantity': 'aprox. 715 g', 'id': 'a0a60b8c-ae5b-49ea-9459-8b821d409f60', 'created_at': '2025-05-24T17:02:39.370011'}] count=None
[2025-05-24 20:02:40] ✅ Successfully inserted: Pit de pollastre blanc sencer
[2025-05-24 20:02:40] Attempting to insert product: {'name': 'Pernilets de pollastre blanc', 'price': 3.8, 'category': 'drinks', 'store_id': 'bonarea', 'quantity': 'aprox. 1,1 kg'}
[2025-05-24 20:02:40] Supabase Response: data=[{'name': 'Pernilets de pollastre blanc', 'price': 3.8, 'category': 'drinks', 'store_id': 'bonarea', 'quantity': 'aprox. 1,1 kg', 'id': 'cbc1d2ed-040f-4f36-a782-fd49bb620006', 'created_at': '2025-05-24T17:02:39.634239'}] count=None
[2025-05-24 20:02:40] ✅ Successfully inserted: Pernilets de pollastre blanc
[2025-05-24 20:02:40] Attempting to insert product: {'name': 'Pit de pollastre groc filetejat', 'price': 4.69, 'category': 'drinks', 'store_id': 'bonarea', 'quantity': 'aprox. 660 g'}
[2025-05-24 20:02:41] Supabase Response: data=[{'name': 'Pit de pollastre groc filetejat', 'price': 4.69, 'category': 'drinks', 'store_id': 'bonarea', 'quantity': 'aprox. 660 g', 'id': '7bd7b5ee-de80-40fd-8b8d-0ce01e83a88f', 'created_at': '2025-05-24T17:02:39.939447'}] count=None
[2025-05-24 20:02:41] ✅ Successfully inserted: Pit de pollastre groc filetejat
[2025-05-24 20:02:41] Attempting to insert product: {'name': 'Pit de pollastre sencer 65% cereals', 'price': 4.57, 'category': 'drinks', 'store_id': 'bonarea', 'quantity': 'aprox. 605 g'}
[2025-05-24 20:02:41] Supabase Response: data=[{'name': 'Pit de pollastre sencer 65% cereals', 'price': 4.57, 'category': 'drinks', 'store_id': 'bonarea', 'quantity': 'aprox. 605 g', 'id': '8d06a3b2-3659-40c7-84b0-ec8ab139345f', 'created_at': '2025-05-24T17:02:40.210453'}] count=None
[2025-05-24 20:02:41] ✅ Successfully inserted: Pit de pollastre sencer 65% cereals
[2025-05-24 20:02:45] Attempting to insert product: {'name': 'Gaspatxo', 'price': 2.85, 'category': 'drinks', 'store_id': 'bonarea', 'quantity': '1 l'}
[2025-05-24 20:02:45] Supabase Response: data=[{'name': 'Gaspatxo', 'price': 2.85, 'category': 'drinks', 'store_id': 'bonarea', 'quantity': '1 l', 'id': 'c11c2994-4041-4404-bcd5-183ee2aade89', 'created_at': '2025-05-24T17:02:44.229834'}] count=None
[2025-05-24 20:02:45] ✅ Successfully inserted: Gaspatxo
[2025-05-24 20:02:45] Attempting to insert product: {'name': 'Salmorejo', 'price': 3.15, 'category': 'drinks', 'store_id': 'bonarea', 'quantity': '1 l'}
[2025-05-24 20:02:45] Supabase Response: data=[{'name': 'Salmorejo', 'price': 3.15, 'category': 'drinks', 'store_id': 'bonarea', 'quantity': '1 l', 'id': '953002ca-c13c-40c9-89e4-6a6c811a03a9', 'created_at': '2025-05-24T17:02:44.475362'}] count=None
[2025-05-24 20:02:45] ✅ Successfully inserted: Salmorejo
[2025-05-24 20:02:45] Attempting to insert product: {'name': 'Gaspatxo bric', 'price': 1.95, 'category': 'drinks', 'store_id': 'bonarea', 'quantity': '1 l'}
[2025-05-24 20:02:45] Supabase Response: data=[{'name': 'Gaspatxo bric', 'price': 1.95, 'category': 'drinks', 'store_id': 'bonarea', 'quantity': '1 l', 'id': 'bd3da65b-0ea1-43fe-be10-95de73255423', 'created_at': '2025-05-24T17:02:44.721193'}] count=None
[2025-05-24 20:02:45] ✅ Successfully inserted: Gaspatxo bric
[2025-05-24 20:02:45] Attempting to insert product: {'name': 'Salmorejo bric', 'price': 2.3, 'category': 'drinks', 'store_id': 'bonarea', 'quantity': '1 l'}
[2025-05-24 20:02:46] Supabase Response: data=[{'name': 'Salmorejo bric', 'price': 2.3, 'category': 'drinks', 'store_id': 'bonarea', 'quantity': '1 l', 'id': 'd1b343cd-147c-4743-9396-99b2686be8fe', 'created_at': '2025-05-24T17:02:44.962934'}] count=None
[2025-05-24 20:02:46] ✅ Successfully inserted: Salmorejo bric
[2025-05-24 20:02:46] Attempting to insert product: {'name': 'Gaspatxo estil andalús', 'price': 1.1, 'category': 'drinks', 'store_id': 'bonarea', 'quantity': '300 g'}
[2025-05-24 20:02:46] Supabase Response: data=[{'name': 'Gaspatxo estil andalús', 'price': 1.1, 'category': 'drinks', 'store_id': 'bonarea', 'quantity': '300 g', 'id': 'f0d157fd-1dbf-459c-a978-429c57156987', 'created_at': '2025-05-24T17:02:45.229672'}] count=None
[2025-05-24 20:02:46] ✅ Successfully inserted: Gaspatxo estil andalús
[2025-05-24 20:02:46] Attempting to insert product: {'name': 'Gaspatxo de maduixa', 'price': 1.25, 'category': 'drinks', 'store_id': 'bonarea', 'quantity': '300 g'}
[2025-05-24 20:02:46] Supabase Response: data=[{'name': 'Gaspatxo de maduixa', 'price': 1.25, 'category': 'drinks', 'store_id': 'bonarea', 'quantity': '300 g', 'id': 'ccefa89b-2602-47f7-a881-3a0281b7008b', 'created_at': '2025-05-24T17:02:45.490068'}] count=None
[2025-05-24 20:02:46] ✅ Successfully inserted: Gaspatxo de maduixa
[2025-05-24 20:02:46] Attempting to insert product: {'name': 'Hummus', 'price': 0.94, 'category': 'drinks', 'store_id': 'bonarea', 'quantity': '200 g'}
[2025-05-24 20:02:47] Supabase Response: data=[{'name': 'Hummus', 'price': 0.94, 'category': 'drinks', 'store_id': 'bonarea', 'quantity': '200 g', 'id': 'db993d3e-1dd7-46b5-a234-918b25911b1c', 'created_at': '2025-05-24T17:02:45.739428'}] count=None
[2025-05-24 20:02:47] ✅ Successfully inserted: Hummus
[2025-05-24 20:02:47] Attempting to insert product: {'name': 'Cap de llom filetejat a la planxa', 'price': 2.4, 'category': 'drinks', 'store_id': 'bonarea', 'quantity': 'aprox. 198 g'}
[2025-05-24 20:02:47] Supabase Response: data=[{'name': 'Cap de llom filetejat a la planxa', 'price': 2.4, 'category': 'drinks', 'store_id': 'bonarea', 'quantity': 'aprox. 198 g', 'id': 'f31a3040-9b01-4c7e-9f22-315f89c60211', 'created_at': '2025-05-24T17:02:46.120984'}] count=None
[2025-05-24 20:02:47] ✅ Successfully inserted: Cap de llom filetejat a la planxa
[2025-05-24 20:02:47] Attempting to insert product: {'name': "Conill d'espatlla d'anoll", 'price': 16.91, 'category': 'drinks', 'store_id': 'bonarea', 'quantity': 'aprox. 1,6 kg'}
[2025-05-24 20:02:47] Supabase Response: data=[{'name': "Conill d'espatlla d'anoll", 'price': 16.91, 'category': 'drinks', 'store_id': 'bonarea', 'quantity': 'aprox. 1,6 kg', 'id': 'd6d8761d-cb98-47f5-a992-2bc75e09773d', 'created_at': '2025-05-24T17:02:46.389664'}] count=None
[2025-05-24 20:02:47] ✅ Successfully inserted: Conill d'espatlla d'anoll
[2025-05-24 20:02:47] Attempting to insert product: {'name': "Jarret d'anoll", 'price': 22.76, 'category': 'drinks', 'store_id': 'bonarea', 'quantity': 'aprox. 2,0 kg'}
[2025-05-24 20:02:47] Supabase Response: data=[{'name': "Jarret d'anoll", 'price': 22.76, 'category': 'drinks', 'store_id': 'bonarea', 'quantity': 'aprox. 2,0 kg', 'id': '1c69e73f-6ea4-459e-be7d-ff8c437cc20d', 'created_at': '2025-05-24T17:02:46.641634'}] count=None
[2025-05-24 20:02:47] ✅ Successfully inserted: Jarret d'anoll
[2025-05-24 20:02:47] Attempting to insert product: {'name': 'Mixt de bull negre i donegal', 'price': 1.1, 'category': 'drinks', 'store_id': 'bonarea', 'quantity': 'aprox. 143 g'}
[2025-05-24 20:02:48] Supabase Response: data=[{'name': 'Mixt de bull negre i donegal', 'price': 1.1, 'category': 'drinks', 'store_id': 'bonarea', 'quantity': 'aprox. 143 g', 'id': '436bc825-a1d6-4e40-969c-41b66bcd9247', 'created_at': '2025-05-24T17:02:46.928659'}] count=None
[2025-05-24 20:02:48] ✅ Successfully inserted: Mixt de bull negre i donegal
[2025-05-24 20:02:48] Attempting to insert product: {'name': 'Càpsules Nescafé Dolce Gusto espresso intens', 'price': 4.25, 'category': 'drinks', 'store_id': 'bonarea', 'quantity': '16 u.'}
[2025-05-24 20:02:48] Supabase Response: data=[{'name': 'Càpsules Nescafé Dolce Gusto espresso intens', 'price': 4.25, 'category': 'drinks', 'store_id': 'bonarea', 'quantity': '16 u.', 'id': 'd77583d1-64f9-4269-a8a5-4edf0c456f27', 'created_at': '2025-05-24T17:02:47.198208'}] count=None
[2025-05-24 20:02:48] ✅ Successfully inserted: Càpsules Nescafé Dolce Gusto espresso intens
[2025-05-24 20:02:48] Attempting to insert product: {'name': 'Salmó adults', 'price': 13.8, 'category': 'drinks', 'store_id': 'bonarea', 'quantity': '10 kg'}
[2025-05-24 20:02:48] Supabase Response: data=[{'name': 'Salmó adults', 'price': 13.8, 'category': 'drinks', 'store_id': 'bonarea', 'quantity': '10 kg', 'id': '08031dd8-2eca-41fc-aade-b9087f5e0db3', 'created_at': '2025-05-24T17:02:47.442856'}] count=None
[2025-05-24 20:02:48] ✅ Successfully inserted: Salmó adults
[2025-05-24 20:02:48] Attempting to insert product: {'name': 'Salmó adults', 'price': 4.44, 'category': 'drinks', 'store_id': 'bonarea', 'quantity': '3 kg'}
[2025-05-24 20:02:49] Supabase Response: data=[{'name': 'Salmó adults', 'price': 4.44, 'category': 'drinks', 'store_id': 'bonarea', 'quantity': '3 kg', 'id': '7d9d3103-2fdf-4269-af1a-b1c887499a75', 'created_at': '2025-05-24T17:02:47.811481'}] count=None
[2025-05-24 20:02:49] ✅ Successfully inserted: Salmó adults
[2025-05-24 20:02:49] Attempting to insert product: {'name': 'Original adults', 'price': 13.6, 'category': 'drinks', 'store_id': 'bonarea', 'quantity': '10 kg'}
[2025-05-24 20:02:49] Supabase Response: data=[{'name': 'Original adults', 'price': 13.6, 'category': 'drinks', 'store_id': 'bonarea', 'quantity': '10 kg', 'id': 'b04929ea-2f43-4d01-838e-087c17df4f26', 'created_at': '2025-05-24T17:02:48.116772'}] count=None
[2025-05-24 20:02:49] ✅ Successfully inserted: Original adults
[2025-05-24 20:02:49] Attempting to insert product: {'name': 'Original adults', 'price': 4.38, 'category': 'drinks', 'store_id': 'bonarea', 'quantity': '3 kg'}
[2025-05-24 20:02:49] Supabase Response: data=[{'name': 'Original adults', 'price': 4.38, 'category': 'drinks', 'store_id': 'bonarea', 'quantity': '3 kg', 'id': '787f8df5-d950-4f84-955c-46388cd7ee36', 'created_at': '2025-05-24T17:02:48.381914'}] count=None
[2025-05-24 20:02:49] ✅ Successfully inserted: Original adults
[2025-05-24 20:02:49] Attempting to insert product: {'name': 'Junior 2-12 mesos', 'price': 15.9, 'category': 'drinks', 'store_id': 'bonarea', 'quantity': '10 kg'}
[2025-05-24 20:02:49] Supabase Response: data=[{'name': 'Junior 2-12 mesos', 'price': 15.9, 'category': 'drinks', 'store_id': 'bonarea', 'quantity': '10 kg', 'id': '53d54d96-1baa-4e12-a268-c9bd08af714a', 'created_at': '2025-05-24T17:02:48.703131'}] count=None
[2025-05-24 20:02:49] ✅ Successfully inserted: Junior 2-12 mesos
[2025-05-24 20:02:49] Attempting to insert product: {'name': 'Junior 2-12 mesos', 'price': 5.07, 'category': 'drinks', 'store_id': 'bonarea', 'quantity': '3 kg'}
[2025-05-24 20:02:50] Supabase Response: data=[{'name': 'Junior 2-12 mesos', 'price': 5.07, 'category': 'drinks', 'store_id': 'bonarea', 'quantity': '3 kg', 'id': 'fc6bab41-eee8-4c5a-a98a-85d503e07558', 'created_at': '2025-05-24T17:02:49.017644'}] count=None
[2025-05-24 20:02:50] ✅ Successfully inserted: Junior 2-12 mesos
[2025-05-24 20:02:50] Attempting to insert product: {'name': 'Pit de pollastre groc sencer', 'price': 4.54, 'category': 'drinks', 'store_id': 'bonarea', 'quantity': 'aprox. 693 g'}
[2025-05-24 20:02:50] Supabase Response: data=[{'name': 'Pit de pollastre groc sencer', 'price': 4.54, 'category': 'drinks', 'store_id': 'bonarea', 'quantity': 'aprox. 693 g', 'id': 'dedaaae3-56fe-46a1-8a2b-ffbc6da36b30', 'created_at': '2025-05-24T17:02:49.395638'}] count=None
[2025-05-24 20:02:50] ✅ Successfully inserted: Pit de pollastre groc sencer
[2025-05-24 20:02:50] Attempting to insert product: {'name': 'Pernilets de pollastre groc', 'price': 3.64, 'category': 'drinks', 'store_id': 'bonarea', 'quantity': 'aprox. 1,0 kg'}
[2025-05-24 20:02:50] Supabase Response: data=[{'name': 'Pernilets de pollastre groc', 'price': 3.64, 'category': 'drinks', 'store_id': 'bonarea', 'quantity': 'aprox. 1,0 kg', 'id': '5489e2e6-b377-4edd-a781-f94d13f55bc8', 'created_at': '2025-05-24T17:02:49.740174'}] count=None
[2025-05-24 20:02:50] ✅ Successfully inserted: Pernilets de pollastre groc
[2025-05-24 20:02:50] Attempting to insert product: {'name': 'Pit de pollastre blanc sencer', 'price': 4.68, 'category': 'drinks', 'store_id': 'bonarea', 'quantity': 'aprox. 715 g'}
[2025-05-24 20:02:51] Supabase Response: data=[{'name': 'Pit de pollastre blanc sencer', 'price': 4.68, 'category': 'drinks', 'store_id': 'bonarea', 'quantity': 'aprox. 715 g', 'id': '69fb592a-180d-4f6e-be1f-032a6d21593f', 'created_at': '2025-05-24T17:02:50.066799'}] count=None
[2025-05-24 20:02:51] ✅ Successfully inserted: Pit de pollastre blanc sencer
[2025-05-24 20:02:51] Attempting to insert product: {'name': 'Pernilets de pollastre blanc', 'price': 3.8, 'category': 'drinks', 'store_id': 'bonarea', 'quantity': 'aprox. 1,1 kg'}
[2025-05-24 20:02:51] Supabase Response: data=[{'name': 'Pernilets de pollastre blanc', 'price': 3.8, 'category': 'drinks', 'store_id': 'bonarea', 'quantity': 'aprox. 1,1 kg', 'id': 'd708cf4c-c920-4834-8a3e-9ec3fc602a65', 'created_at': '2025-05-24T17:02:50.355774'}] count=None
[2025-05-24 20:02:51] ✅ Successfully inserted: Pernilets de pollastre blanc
[2025-05-24 20:02:51] Attempting to insert product: {'name': 'Pit de pollastre groc filetejat', 'price': 4.69, 'category': 'drinks', 'store_id': 'bonarea', 'quantity': 'aprox. 660 g'}
[2025-05-24 20:02:51] Supabase Response: data=[{'name': 'Pit de pollastre groc filetejat', 'price': 4.69, 'category': 'drinks', 'store_id': 'bonarea', 'quantity': 'aprox. 660 g', 'id': '0c8db63d-0690-4408-88a1-db59e914a3ba', 'created_at': '2025-05-24T17:02:50.661509'}] count=None
[2025-05-24 20:02:51] ✅ Successfully inserted: Pit de pollastre groc filetejat
[2025-05-24 20:02:51] Attempting to insert product: {'name': 'Pit de pollastre sencer 65% cereals', 'price': 4.57, 'category': 'drinks', 'store_id': 'bonarea', 'quantity': 'aprox. 605 g'}
[2025-05-24 20:02:52] Supabase Response: data=[{'name': 'Pit de pollastre sencer 65% cereals', 'price': 4.57, 'category': 'drinks', 'store_id': 'bonarea', 'quantity': 'aprox. 605 g', 'id': 'dc125da3-82fa-45be-a08b-8cb399bc7495', 'created_at': '2025-05-24T17:02:50.968704'}] count=None
[2025-05-24 20:02:52] ✅ Successfully inserted: Pit de pollastre sencer 65% cereals
[2025-05-24 20:02:56] Attempting to insert product: {'name': 'Gaspatxo', 'price': 2.85, 'category': 'drinks', 'store_id': 'bonarea', 'quantity': '1 l'}
[2025-05-24 20:02:56] Supabase Response: data=[{'name': 'Gaspatxo', 'price': 2.85, 'category': 'drinks', 'store_id': 'bonarea', 'quantity': '1 l', 'id': '58eb4b1a-8f66-41e1-9aeb-877772296f36', 'created_at': '2025-05-24T17:02:55.103573'}] count=None
[2025-05-24 20:02:56] ✅ Successfully inserted: Gaspatxo
[2025-05-24 20:02:56] Attempting to insert product: {'name': 'Salmorejo', 'price': 3.15, 'category': 'drinks', 'store_id': 'bonarea', 'quantity': '1 l'}
[2025-05-24 20:02:56] Supabase Response: data=[{'name': 'Salmorejo', 'price': 3.15, 'category': 'drinks', 'store_id': 'bonarea', 'quantity': '1 l', 'id': 'aa4e3790-90f7-4c75-b0fc-f98ad74ad30a', 'created_at': '2025-05-24T17:02:55.372042'}] count=None
[2025-05-24 20:02:56] ✅ Successfully inserted: Salmorejo
[2025-05-24 20:02:56] Attempting to insert product: {'name': 'Gaspatxo bric', 'price': 1.95, 'category': 'drinks', 'store_id': 'bonarea', 'quantity': '1 l'}
[2025-05-24 20:02:56] Supabase Response: data=[{'name': 'Gaspatxo bric', 'price': 1.95, 'category': 'drinks', 'store_id': 'bonarea', 'quantity': '1 l', 'id': '569ba2e2-a9af-4ba6-98a4-7c0751ca8f6c', 'created_at': '2025-05-24T17:02:55.640978'}] count=None
[2025-05-24 20:02:56] ✅ Successfully inserted: Gaspatxo bric
[2025-05-24 20:02:56] Attempting to insert product: {'name': 'Salmorejo bric', 'price': 2.3, 'category': 'drinks', 'store_id': 'bonarea', 'quantity': '1 l'}
[2025-05-24 20:02:57] Supabase Response: data=[{'name': 'Salmorejo bric', 'price': 2.3, 'category': 'drinks', 'store_id': 'bonarea', 'quantity': '1 l', 'id': 'f92adbb4-abf5-491e-af19-5ebbcc98f79a', 'created_at': '2025-05-24T17:02:55.894181'}] count=None
[2025-05-24 20:02:57] ✅ Successfully inserted: Salmorejo bric
[2025-05-24 20:02:57] Attempting to insert product: {'name': 'Gaspatxo estil andalús', 'price': 1.1, 'category': 'drinks', 'store_id': 'bonarea', 'quantity': '300 g'}
[2025-05-24 20:02:57] Supabase Response: data=[{'name': 'Gaspatxo estil andalús', 'price': 1.1, 'category': 'drinks', 'store_id': 'bonarea', 'quantity': '300 g', 'id': 'f044401b-b520-4f73-8ed4-b91e89a9b723', 'created_at': '2025-05-24T17:02:56.138221'}] count=None
[2025-05-24 20:02:57] ✅ Successfully inserted: Gaspatxo estil andalús
[2025-05-24 20:02:57] Attempting to insert product: {'name': 'Gaspatxo de maduixa', 'price': 1.25, 'category': 'drinks', 'store_id': 'bonarea', 'quantity': '300 g'}
[2025-05-24 20:02:57] Supabase Response: data=[{'name': 'Gaspatxo de maduixa', 'price': 1.25, 'category': 'drinks', 'store_id': 'bonarea', 'quantity': '300 g', 'id': '6acc3ad5-7a02-473d-a8ab-d121bd356fe9', 'created_at': '2025-05-24T17:02:56.40508'}] count=None
[2025-05-24 20:02:57] ✅ Successfully inserted: Gaspatxo de maduixa
[2025-05-24 20:02:57] Attempting to insert product: {'name': 'Hummus', 'price': 0.94, 'category': 'drinks', 'store_id': 'bonarea', 'quantity': '200 g'}
[2025-05-24 20:02:57] Supabase Response: data=[{'name': 'Hummus', 'price': 0.94, 'category': 'drinks', 'store_id': 'bonarea', 'quantity': '200 g', 'id': '91a203ae-ec91-4ff6-b3fc-4357d695ecb1', 'created_at': '2025-05-24T17:02:56.675307'}] count=None
[2025-05-24 20:02:57] ✅ Successfully inserted: Hummus
[2025-05-24 20:02:57] Attempting to insert product: {'name': 'Cap de llom filetejat a la planxa', 'price': 2.4, 'category': 'drinks', 'store_id': 'bonarea', 'quantity': 'aprox. 198 g'}
[2025-05-24 20:02:58] Supabase Response: data=[{'name': 'Cap de llom filetejat a la planxa', 'price': 2.4, 'category': 'drinks', 'store_id': 'bonarea', 'quantity': 'aprox. 198 g', 'id': '1bca10f2-bddf-457e-a56b-2d9fc8438268', 'created_at': '2025-05-24T17:02:56.918641'}] count=None
[2025-05-24 20:02:58] ✅ Successfully inserted: Cap de llom filetejat a la planxa
[2025-05-24 20:02:58] Attempting to insert product: {'name': "Conill d'espatlla d'anoll", 'price': 16.91, 'category': 'drinks', 'store_id': 'bonarea', 'quantity': 'aprox. 1,6 kg'}
[2025-05-24 20:02:58] Supabase Response: data=[{'name': "Conill d'espatlla d'anoll", 'price': 16.91, 'category': 'drinks', 'store_id': 'bonarea', 'quantity': 'aprox. 1,6 kg', 'id': '19263096-aef7-4a5b-99f6-8de1b5d14811', 'created_at': '2025-05-24T17:02:57.201979'}] count=None
[2025-05-24 20:02:58] ✅ Successfully inserted: Conill d'espatlla d'anoll
[2025-05-24 20:02:58] Attempting to insert product: {'name': "Jarret d'anoll", 'price': 22.76, 'category': 'drinks', 'store_id': 'bonarea', 'quantity': 'aprox. 2,0 kg'}
[2025-05-24 20:02:58] Supabase Response: data=[{'name': "Jarret d'anoll", 'price': 22.76, 'category': 'drinks', 'store_id': 'bonarea', 'quantity': 'aprox. 2,0 kg', 'id': '2a75671a-2a90-49d4-8a1c-1c82c2ac63ef', 'created_at': '2025-05-24T17:02:57.465246'}] count=None
[2025-05-24 20:02:58] ✅ Successfully inserted: Jarret d'anoll
[2025-05-24 20:02:58] Attempting to insert product: {'name': 'Mixt de bull negre i donegal', 'price': 1.1, 'category': 'drinks', 'store_id': 'bonarea', 'quantity': 'aprox. 143 g'}
[2025-05-24 20:02:58] Supabase Response: data=[{'name': 'Mixt de bull negre i donegal', 'price': 1.1, 'category': 'drinks', 'store_id': 'bonarea', 'quantity': 'aprox. 143 g', 'id': '28619ea3-a3a5-4f47-92c3-ea736c06bd5f', 'created_at': '2025-05-24T17:02:57.71149'}] count=None
[2025-05-24 20:02:58] ✅ Successfully inserted: Mixt de bull negre i donegal
[2025-05-24 20:02:58] Attempting to insert product: {'name': 'Càpsules Nescafé Dolce Gusto espresso intens', 'price': 4.25, 'category': 'drinks', 'store_id': 'bonarea', 'quantity': '16 u.'}
[2025-05-24 20:02:59] Supabase Response: data=[{'name': 'Càpsules Nescafé Dolce Gusto espresso intens', 'price': 4.25, 'category': 'drinks', 'store_id': 'bonarea', 'quantity': '16 u.', 'id': '5a9122ff-404b-4824-b25c-16a386a80fd9', 'created_at': '2025-05-24T17:02:58.026764'}] count=None
[2025-05-24 20:02:59] ✅ Successfully inserted: Càpsules Nescafé Dolce Gusto espresso intens
[2025-05-24 20:02:59] Attempting to insert product: {'name': 'Salmó adults', 'price': 13.8, 'category': 'drinks', 'store_id': 'bonarea', 'quantity': '10 kg'}
[2025-05-24 20:02:59] Supabase Response: data=[{'name': 'Salmó adults', 'price': 13.8, 'category': 'drinks', 'store_id': 'bonarea', 'quantity': '10 kg', 'id': '43a43f1d-63ef-449f-bb28-d6d8aba5cf90', 'created_at': '2025-05-24T17:02:58.340061'}] count=None
[2025-05-24 20:02:59] ✅ Successfully inserted: Salmó adults
[2025-05-24 20:02:59] Attempting to insert product: {'name': 'Salmó adults', 'price': 4.44, 'category': 'drinks', 'store_id': 'bonarea', 'quantity': '3 kg'}
[2025-05-24 20:02:59] Supabase Response: data=[{'name': 'Salmó adults', 'price': 4.44, 'category': 'drinks', 'store_id': 'bonarea', 'quantity': '3 kg', 'id': '430950ee-8969-41f9-bc8f-e5a0d36d4ae6', 'created_at': '2025-05-24T17:02:58.646873'}] count=None
[2025-05-24 20:02:59] ✅ Successfully inserted: Salmó adults
[2025-05-24 20:02:59] Attempting to insert product: {'name': 'Original adults', 'price': 13.6, 'category': 'drinks', 'store_id': 'bonarea', 'quantity': '10 kg'}
[2025-05-24 20:03:00] Supabase Response: data=[{'name': 'Original adults', 'price': 13.6, 'category': 'drinks', 'store_id': 'bonarea', 'quantity': '10 kg', 'id': 'c2880055-fa6a-4300-b4b1-720b14557328', 'created_at': '2025-05-24T17:02:58.962512'}] count=None
[2025-05-24 20:03:00] ✅ Successfully inserted: Original adults
[2025-05-24 20:03:00] Attempting to insert product: {'name': 'Original adults', 'price': 4.38, 'category': 'drinks', 'store_id': 'bonarea', 'quantity': '3 kg'}
[2025-05-24 20:03:00] Supabase Response: data=[{'name': 'Original adults', 'price': 4.38, 'category': 'drinks', 'store_id': 'bonarea', 'quantity': '3 kg', 'id': '36a1920f-17ef-48d2-a8f8-78b838866067', 'created_at': '2025-05-24T17:02:59.260911'}] count=None
[2025-05-24 20:03:00] ✅ Successfully inserted: Original adults
[2025-05-24 20:03:00] Attempting to insert product: {'name': 'Junior 2-12 mesos', 'price': 15.9, 'category': 'drinks', 'store_id': 'bonarea', 'quantity': '10 kg'}
[2025-05-24 20:03:00] Supabase Response: data=[{'name': 'Junior 2-12 mesos', 'price': 15.9, 'category': 'drinks', 'store_id': 'bonarea', 'quantity': '10 kg', 'id': 'eb994bc9-07e8-486b-acb7-8b5440928ffe', 'created_at': '2025-05-24T17:02:59.57733'}] count=None
[2025-05-24 20:03:00] ✅ Successfully inserted: Junior 2-12 mesos
[2025-05-24 20:03:00] Attempting to insert product: {'name': 'Junior 2-12 mesos', 'price': 5.07, 'category': 'drinks', 'store_id': 'bonarea', 'quantity': '3 kg'}
[2025-05-24 20:03:01] Supabase Response: data=[{'name': 'Junior 2-12 mesos', 'price': 5.07, 'category': 'drinks', 'store_id': 'bonarea', 'quantity': '3 kg', 'id': '8b5fc512-68a7-4493-a7d5-aa749effa104', 'created_at': '2025-05-24T17:02:59.960227'}] count=None
[2025-05-24 20:03:01] ✅ Successfully inserted: Junior 2-12 mesos
[2025-05-24 20:03:01] Attempting to insert product: {'name': 'Pit de pollastre groc sencer', 'price': 4.54, 'category': 'drinks', 'store_id': 'bonarea', 'quantity': 'aprox. 693 g'}
[2025-05-24 20:03:01] Supabase Response: data=[{'name': 'Pit de pollastre groc sencer', 'price': 4.54, 'category': 'drinks', 'store_id': 'bonarea', 'quantity': 'aprox. 693 g', 'id': '7a69d3ee-616f-4120-8bf3-5e7261c07673', 'created_at': '2025-05-24T17:03:00.289501'}] count=None
[2025-05-24 20:03:01] ✅ Successfully inserted: Pit de pollastre groc sencer
[2025-05-24 20:03:01] Attempting to insert product: {'name': 'Pernilets de pollastre groc', 'price': 3.64, 'category': 'drinks', 'store_id': 'bonarea', 'quantity': 'aprox. 1,0 kg'}
[2025-05-24 20:03:01] Supabase Response: data=[{'name': 'Pernilets de pollastre groc', 'price': 3.64, 'category': 'drinks', 'store_id': 'bonarea', 'quantity': 'aprox. 1,0 kg', 'id': '1e3f0f2b-c1bd-4703-9f8b-38eab6ff34d0', 'created_at': '2025-05-24T17:03:00.593495'}] count=None
[2025-05-24 20:03:01] ✅ Successfully inserted: Pernilets de pollastre groc
[2025-05-24 20:03:01] Attempting to insert product: {'name': 'Pit de pollastre blanc sencer', 'price': 4.68, 'category': 'drinks', 'store_id': 'bonarea', 'quantity': 'aprox. 715 g'}
[2025-05-24 20:03:02] Supabase Response: data=[{'name': 'Pit de pollastre blanc sencer', 'price': 4.68, 'category': 'drinks', 'store_id': 'bonarea', 'quantity': 'aprox. 715 g', 'id': 'a27b3110-53ee-4bbc-b9d9-ad7eac097339', 'created_at': '2025-05-24T17:03:00.902254'}] count=None
[2025-05-24 20:03:02] ✅ Successfully inserted: Pit de pollastre blanc sencer
[2025-05-24 20:03:02] Attempting to insert product: {'name': 'Pernilets de pollastre blanc', 'price': 3.8, 'category': 'drinks', 'store_id': 'bonarea', 'quantity': 'aprox. 1,1 kg'}
[2025-05-24 20:03:02] Supabase Response: data=[{'name': 'Pernilets de pollastre blanc', 'price': 3.8, 'category': 'drinks', 'store_id': 'bonarea', 'quantity': 'aprox. 1,1 kg', 'id': '6547b19a-3ade-49db-bbfe-6f72bef43827', 'created_at': '2025-05-24T17:03:01.20307'}] count=None
[2025-05-24 20:03:02] ✅ Successfully inserted: Pernilets de pollastre blanc
[2025-05-24 20:03:02] Attempting to insert product: {'name': 'Pit de pollastre groc filetejat', 'price': 4.69, 'category': 'drinks', 'store_id': 'bonarea', 'quantity': 'aprox. 660 g'}
[2025-05-24 20:03:02] Supabase Response: data=[{'name': 'Pit de pollastre groc filetejat', 'price': 4.69, 'category': 'drinks', 'store_id': 'bonarea', 'quantity': 'aprox. 660 g', 'id': '6ab31597-e838-44b6-a7ff-dc0b39106d83', 'created_at': '2025-05-24T17:03:01.536842'}] count=None
[2025-05-24 20:03:02] ✅ Successfully inserted: Pit de pollastre groc filetejat
[2025-05-24 20:03:02] Attempting to insert product: {'name': 'Pit de pollastre sencer 65% cereals', 'price': 4.57, 'category': 'drinks', 'store_id': 'bonarea', 'quantity': 'aprox. 605 g'}
[2025-05-24 20:03:02] Supabase Response: data=[{'name': 'Pit de pollastre sencer 65% cereals', 'price': 4.57, 'category': 'drinks', 'store_id': 'bonarea', 'quantity': 'aprox. 605 g', 'id': '9581a667-737c-4242-be18-eaa1fa1c005b', 'created_at': '2025-05-24T17:03:01.817322'}] count=None
[2025-05-24 20:03:02] ✅ Successfully inserted: Pit de pollastre sencer 65% cereals
[2025-05-24 20:03:06] Attempting to insert product: {'name': 'Gaspatxo', 'price': 2.85, 'category': 'drinks', 'store_id': 'bonarea', 'quantity': '1 l'}
[2025-05-24 20:03:06] Supabase Response: data=[{'name': 'Gaspatxo', 'price': 2.85, 'category': 'drinks', 'store_id': 'bonarea', 'quantity': '1 l', 'id': '6f3a3424-23f0-4e80-83fb-2d6fad882be8', 'created_at': '2025-05-24T17:03:05.838481'}] count=None
[2025-05-24 20:03:06] ✅ Successfully inserted: Gaspatxo
[2025-05-24 20:03:07] Attempting to insert product: {'name': 'Salmorejo', 'price': 3.15, 'category': 'drinks', 'store_id': 'bonarea', 'quantity': '1 l'}
[2025-05-24 20:03:07] Supabase Response: data=[{'name': 'Salmorejo', 'price': 3.15, 'category': 'drinks', 'store_id': 'bonarea', 'quantity': '1 l', 'id': 'dfbfa897-06e2-4b20-a3cd-da574631862d', 'created_at': '2025-05-24T17:03:06.087537'}] count=None
[2025-05-24 20:03:07] ✅ Successfully inserted: Salmorejo
[2025-05-24 20:03:07] Attempting to insert product: {'name': 'Gaspatxo bric', 'price': 1.95, 'category': 'drinks', 'store_id': 'bonarea', 'quantity': '1 l'}
[2025-05-24 20:03:07] Supabase Response: data=[{'name': 'Gaspatxo bric', 'price': 1.95, 'category': 'drinks', 'store_id': 'bonarea', 'quantity': '1 l', 'id': '1a5c19a3-f66a-401d-8aed-224aa1908ede', 'created_at': '2025-05-24T17:03:06.334636'}] count=None
[2025-05-24 20:03:07] ✅ Successfully inserted: Gaspatxo bric
[2025-05-24 20:03:07] Attempting to insert product: {'name': 'Salmorejo bric', 'price': 2.3, 'category': 'drinks', 'store_id': 'bonarea', 'quantity': '1 l'}
[2025-05-24 20:03:07] Supabase Response: data=[{'name': 'Salmorejo bric', 'price': 2.3, 'category': 'drinks', 'store_id': 'bonarea', 'quantity': '1 l', 'id': '24552e16-d552-44fc-a78f-f6e1e979ea4a', 'created_at': '2025-05-24T17:03:06.57666'}] count=None
[2025-05-24 20:03:07] ✅ Successfully inserted: Salmorejo bric
[2025-05-24 20:03:07] Attempting to insert product: {'name': 'Gaspatxo estil andalús', 'price': 1.1, 'category': 'drinks', 'store_id': 'bonarea', 'quantity': '300 g'}
[2025-05-24 20:03:07] Supabase Response: data=[{'name': 'Gaspatxo estil andalús', 'price': 1.1, 'category': 'drinks', 'store_id': 'bonarea', 'quantity': '300 g', 'id': '1bf3b613-5d49-4f7a-b2d6-dee484e96b7e', 'created_at': '2025-05-24T17:03:06.823354'}] count=None
[2025-05-24 20:03:07] ✅ Successfully inserted: Gaspatxo estil andalús
[2025-05-24 20:03:08] Attempting to insert product: {'name': 'Gaspatxo de maduixa', 'price': 1.25, 'category': 'drinks', 'store_id': 'bonarea', 'quantity': '300 g'}
[2025-05-24 20:03:08] Supabase Response: data=[{'name': 'Gaspatxo de maduixa', 'price': 1.25, 'category': 'drinks', 'store_id': 'bonarea', 'quantity': '300 g', 'id': '403e113a-6f14-4be0-ada5-c511f2ee3c5f', 'created_at': '2025-05-24T17:03:07.087253'}] count=None
[2025-05-24 20:03:08] ✅ Successfully inserted: Gaspatxo de maduixa
[2025-05-24 20:03:08] Attempting to insert product: {'name': 'Hummus', 'price': 0.94, 'category': 'drinks', 'store_id': 'bonarea', 'quantity': '200 g'}
[2025-05-24 20:03:08] Supabase Response: data=[{'name': 'Hummus', 'price': 0.94, 'category': 'drinks', 'store_id': 'bonarea', 'quantity': '200 g', 'id': 'af0e31c9-45a2-4b8e-b8b2-452a0093ecf1', 'created_at': '2025-05-24T17:03:07.337391'}] count=None
[2025-05-24 20:03:08] ✅ Successfully inserted: Hummus
[2025-05-24 20:03:08] Attempting to insert product: {'name': 'Cap de llom filetejat a la planxa', 'price': 2.4, 'category': 'drinks', 'store_id': 'bonarea', 'quantity': 'aprox. 198 g'}
[2025-05-24 20:03:08] Supabase Response: data=[{'name': 'Cap de llom filetejat a la planxa', 'price': 2.4, 'category': 'drinks', 'store_id': 'bonarea', 'quantity': 'aprox. 198 g', 'id': '14313d97-f09a-42b3-b298-afb6ef2b1280', 'created_at': '2025-05-24T17:03:07.581633'}] count=None
[2025-05-24 20:03:08] ✅ Successfully inserted: Cap de llom filetejat a la planxa
[2025-05-24 20:03:08] Attempting to insert product: {'name': "Conill d'espatlla d'anoll", 'price': 16.91, 'category': 'drinks', 'store_id': 'bonarea', 'quantity': 'aprox. 1,6 kg'}
[2025-05-24 20:03:08] Supabase Response: data=[{'name': "Conill d'espatlla d'anoll", 'price': 16.91, 'category': 'drinks', 'store_id': 'bonarea', 'quantity': 'aprox. 1,6 kg', 'id': '98b87e15-7219-4019-a00f-ef2334fa8dc4', 'created_at': '2025-05-24T17:03:07.827548'}] count=None
[2025-05-24 20:03:08] ✅ Successfully inserted: Conill d'espatlla d'anoll
[2025-05-24 20:03:09] Attempting to insert product: {'name': "Jarret d'anoll", 'price': 22.76, 'category': 'drinks', 'store_id': 'bonarea', 'quantity': 'aprox. 2,0 kg'}
[2025-05-24 20:03:09] Supabase Response: data=[{'name': "Jarret d'anoll", 'price': 22.76, 'category': 'drinks', 'store_id': 'bonarea', 'quantity': 'aprox. 2,0 kg', 'id': '04995b04-dab4-4fb3-9a2e-bdf00384fd01', 'created_at': '2025-05-24T17:03:08.072353'}] count=None
[2025-05-24 20:03:09] ✅ Successfully inserted: Jarret d'anoll
[2025-05-24 20:03:09] Attempting to insert product: {'name': 'Mixt de bull negre i donegal', 'price': 1.1, 'category': 'drinks', 'store_id': 'bonarea', 'quantity': 'aprox. 143 g'}
[2025-05-24 20:03:09] Supabase Response: data=[{'name': 'Mixt de bull negre i donegal', 'price': 1.1, 'category': 'drinks', 'store_id': 'bonarea', 'quantity': 'aprox. 143 g', 'id': '192e243f-08cb-4c5f-99e3-89e033842a31', 'created_at': '2025-05-24T17:03:08.385733'}] count=None
[2025-05-24 20:03:09] ✅ Successfully inserted: Mixt de bull negre i donegal
[2025-05-24 20:03:09] Attempting to insert product: {'name': 'Càpsules Nescafé Dolce Gusto espresso intens', 'price': 4.25, 'category': 'drinks', 'store_id': 'bonarea', 'quantity': '16 u.'}
[2025-05-24 20:03:09] Supabase Response: data=[{'name': 'Càpsules Nescafé Dolce Gusto espresso intens', 'price': 4.25, 'category': 'drinks', 'store_id': 'bonarea', 'quantity': '16 u.', 'id': 'd348a98a-e2c2-4e96-8127-6269f84866ec', 'created_at': '2025-05-24T17:03:08.644612'}] count=None
[2025-05-24 20:03:09] ✅ Successfully inserted: Càpsules Nescafé Dolce Gusto espresso intens
[2025-05-24 20:03:09] Attempting to insert product: {'name': 'Salmó adults', 'price': 13.8, 'category': 'drinks', 'store_id': 'bonarea', 'quantity': '10 kg'}
[2025-05-24 20:03:10] Supabase Response: data=[{'name': 'Salmó adults', 'price': 13.8, 'category': 'drinks', 'store_id': 'bonarea', 'quantity': '10 kg', 'id': 'dab2100e-2bf7-49d5-9f4b-d7dddbd00779', 'created_at': '2025-05-24T17:03:08.957906'}] count=None
[2025-05-24 20:03:10] ✅ Successfully inserted: Salmó adults
[2025-05-24 20:03:10] Attempting to insert product: {'name': 'Salmó adults', 'price': 4.44, 'category': 'drinks', 'store_id': 'bonarea', 'quantity': '3 kg'}
[2025-05-24 20:03:10] Supabase Response: data=[{'name': 'Salmó adults', 'price': 4.44, 'category': 'drinks', 'store_id': 'bonarea', 'quantity': '3 kg', 'id': '8bac22ca-fcd9-4937-9f74-759dbf15e7d3', 'created_at': '2025-05-24T17:03:09.308458'}] count=None
[2025-05-24 20:03:10] ✅ Successfully inserted: Salmó adults
[2025-05-24 20:03:10] Attempting to insert product: {'name': 'Original adults', 'price': 13.6, 'category': 'drinks', 'store_id': 'bonarea', 'quantity': '10 kg'}
[2025-05-24 20:03:10] Supabase Response: data=[{'name': 'Original adults', 'price': 13.6, 'category': 'drinks', 'store_id': 'bonarea', 'quantity': '10 kg', 'id': 'a0f0f96e-e54e-4e5e-834f-b84789bf27c8', 'created_at': '2025-05-24T17:03:09.601434'}] count=None
[2025-05-24 20:03:10] ✅ Successfully inserted: Original adults
[2025-05-24 20:03:10] Attempting to insert product: {'name': 'Original adults', 'price': 4.38, 'category': 'drinks', 'store_id': 'bonarea', 'quantity': '3 kg'}
[2025-05-24 20:03:11] Supabase Response: data=[{'name': 'Original adults', 'price': 4.38, 'category': 'drinks', 'store_id': 'bonarea', 'quantity': '3 kg', 'id': '4883c453-1591-49e7-bebd-667a66f12970', 'created_at': '2025-05-24T17:03:09.87217'}] count=None
[2025-05-24 20:03:11] ✅ Successfully inserted: Original adults
[2025-05-24 20:03:11] Attempting to insert product: {'name': 'Junior 2-12 mesos', 'price': 15.9, 'category': 'drinks', 'store_id': 'bonarea', 'quantity': '10 kg'}
[2025-05-24 20:03:11] Supabase Response: data=[{'name': 'Junior 2-12 mesos', 'price': 15.9, 'category': 'drinks', 'store_id': 'bonarea', 'quantity': '10 kg', 'id': 'ae3917d7-13a3-446a-a3f3-30ff3db3867c', 'created_at': '2025-05-24T17:03:10.146035'}] count=None
[2025-05-24 20:03:11] ✅ Successfully inserted: Junior 2-12 mesos
[2025-05-24 20:03:11] Attempting to insert product: {'name': 'Junior 2-12 mesos', 'price': 5.07, 'category': 'drinks', 'store_id': 'bonarea', 'quantity': '3 kg'}
[2025-05-24 20:03:11] Supabase Response: data=[{'name': 'Junior 2-12 mesos', 'price': 5.07, 'category': 'drinks', 'store_id': 'bonarea', 'quantity': '3 kg', 'id': '3fcb6ca0-1e9e-415b-8ff1-b9225c1142dc', 'created_at': '2025-05-24T17:03:10.506449'}] count=None
[2025-05-24 20:03:11] ✅ Successfully inserted: Junior 2-12 mesos
[2025-05-24 20:03:11] Attempting to insert product: {'name': 'Pit de pollastre groc sencer', 'price': 4.54, 'category': 'drinks', 'store_id': 'bonarea', 'quantity': 'aprox. 693 g'}
[2025-05-24 20:03:12] Supabase Response: data=[{'name': 'Pit de pollastre groc sencer', 'price': 4.54, 'category': 'drinks', 'store_id': 'bonarea', 'quantity': 'aprox. 693 g', 'id': 'c3fdb3aa-3f95-48c4-b670-7dc2adf2fb69', 'created_at': '2025-05-24T17:03:10.82737'}] count=None
[2025-05-24 20:03:12] ✅ Successfully inserted: Pit de pollastre groc sencer
[2025-05-24 20:03:12] Attempting to insert product: {'name': 'Pernilets de pollastre groc', 'price': 3.64, 'category': 'drinks', 'store_id': 'bonarea', 'quantity': 'aprox. 1,0 kg'}
[2025-05-24 20:03:12] Supabase Response: data=[{'name': 'Pernilets de pollastre groc', 'price': 3.64, 'category': 'drinks', 'store_id': 'bonarea', 'quantity': 'aprox. 1,0 kg', 'id': '2788505a-a557-4da8-b43b-4644af09c4e7', 'created_at': '2025-05-24T17:03:11.145297'}] count=None
[2025-05-24 20:03:12] ✅ Successfully inserted: Pernilets de pollastre groc
[2025-05-24 20:03:12] Attempting to insert product: {'name': 'Pit de pollastre blanc sencer', 'price': 4.68, 'category': 'drinks', 'store_id': 'bonarea', 'quantity': 'aprox. 715 g'}
[2025-05-24 20:03:12] Supabase Response: data=[{'name': 'Pit de pollastre blanc sencer', 'price': 4.68, 'category': 'drinks', 'store_id': 'bonarea', 'quantity': 'aprox. 715 g', 'id': '553e9720-ca5e-413a-b1b0-6501e7a11858', 'created_at': '2025-05-24T17:03:11.461843'}] count=None
[2025-05-24 20:03:12] ✅ Successfully inserted: Pit de pollastre blanc sencer
[2025-05-24 20:03:12] Attempting to insert product: {'name': 'Pernilets de pollastre blanc', 'price': 3.8, 'category': 'drinks', 'store_id': 'bonarea', 'quantity': 'aprox. 1,1 kg'}
[2025-05-24 20:03:12] Supabase Response: data=[{'name': 'Pernilets de pollastre blanc', 'price': 3.8, 'category': 'drinks', 'store_id': 'bonarea', 'quantity': 'aprox. 1,1 kg', 'id': '4191e18b-5179-4787-93f7-c5472cad92d4', 'created_at': '2025-05-24T17:03:11.768694'}] count=None
[2025-05-24 20:03:12] ✅ Successfully inserted: Pernilets de pollastre blanc
[2025-05-24 20:03:13] Attempting to insert product: {'name': 'Pit de pollastre groc filetejat', 'price': 4.69, 'category': 'drinks', 'store_id': 'bonarea', 'quantity': 'aprox. 660 g'}
[2025-05-24 20:03:13] Supabase Response: data=[{'name': 'Pit de pollastre groc filetejat', 'price': 4.69, 'category': 'drinks', 'store_id': 'bonarea', 'quantity': 'aprox. 660 g', 'id': '7360f697-fe58-4f99-9a1c-e2be9790cdcd', 'created_at': '2025-05-24T17:03:12.065413'}] count=None
[2025-05-24 20:03:13] ✅ Successfully inserted: Pit de pollastre groc filetejat
[2025-05-24 20:03:13] Attempting to insert product: {'name': 'Pit de pollastre sencer 65% cereals', 'price': 4.57, 'category': 'drinks', 'store_id': 'bonarea', 'quantity': 'aprox. 605 g'}
[2025-05-24 20:03:13] Supabase Response: data=[{'name': 'Pit de pollastre sencer 65% cereals', 'price': 4.57, 'category': 'drinks', 'store_id': 'bonarea', 'quantity': 'aprox. 605 g', 'id': 'e3cac1cb-71f3-44a9-bd28-4d1cc66f6a42', 'created_at': '2025-05-24T17:03:12.454415'}] count=None
[2025-05-24 20:03:13] ✅ Successfully inserted: Pit de pollastre sencer 65% cereals
[2025-05-24 20:03:17] Attempting to insert product: {'name': 'Gaspatxo', 'price': 2.85, 'category': 'drinks', 'store_id': 'bonarea', 'quantity': '1 l'}
[2025-05-24 20:03:17] Supabase Response: data=[{'name': 'Gaspatxo', 'price': 2.85, 'category': 'drinks', 'store_id': 'bonarea', 'quantity': '1 l', 'id': '48c13c29-8a3c-498d-a180-abaf35fa5829', 'created_at': '2025-05-24T17:03:16.529852'}] count=None
[2025-05-24 20:03:17] ✅ Successfully inserted: Gaspatxo
[2025-05-24 20:03:17] Attempting to insert product: {'name': 'Salmorejo', 'price': 3.15, 'category': 'drinks', 'store_id': 'bonarea', 'quantity': '1 l'}
[2025-05-24 20:03:17] Supabase Response: data=[{'name': 'Salmorejo', 'price': 3.15, 'category': 'drinks', 'store_id': 'bonarea', 'quantity': '1 l', 'id': '2fe7f73f-5ee6-41fc-bcd2-d22496050f3f', 'created_at': '2025-05-24T17:03:16.778409'}] count=None
[2025-05-24 20:03:17] ✅ Successfully inserted: Salmorejo
[2025-05-24 20:03:17] Attempting to insert product: {'name': 'Gaspatxo bric', 'price': 1.95, 'category': 'drinks', 'store_id': 'bonarea', 'quantity': '1 l'}
[2025-05-24 20:03:18] Supabase Response: data=[{'name': 'Gaspatxo bric', 'price': 1.95, 'category': 'drinks', 'store_id': 'bonarea', 'quantity': '1 l', 'id': 'd89ba6ee-4916-4812-9734-6a1bacdc9f7c', 'created_at': '2025-05-24T17:03:17.049896'}] count=None
[2025-05-24 20:03:18] ✅ Successfully inserted: Gaspatxo bric
[2025-05-24 20:03:18] Attempting to insert product: {'name': 'Salmorejo bric', 'price': 2.3, 'category': 'drinks', 'store_id': 'bonarea', 'quantity': '1 l'}
[2025-05-24 20:03:18] Supabase Response: data=[{'name': 'Salmorejo bric', 'price': 2.3, 'category': 'drinks', 'store_id': 'bonarea', 'quantity': '1 l', 'id': 'a57cbfbf-0bf4-4fb0-8fcd-f74311493bc0', 'created_at': '2025-05-24T17:03:17.300904'}] count=None
[2025-05-24 20:03:18] ✅ Successfully inserted: Salmorejo bric
[2025-05-24 20:03:18] Attempting to insert product: {'name': 'Gaspatxo estil andalús', 'price': 1.1, 'category': 'drinks', 'store_id': 'bonarea', 'quantity': '300 g'}
[2025-05-24 20:03:18] Supabase Response: data=[{'name': 'Gaspatxo estil andalús', 'price': 1.1, 'category': 'drinks', 'store_id': 'bonarea', 'quantity': '300 g', 'id': '98487205-8fc8-483b-8126-96aeacf9e480', 'created_at': '2025-05-24T17:03:17.586213'}] count=None
[2025-05-24 20:03:18] ✅ Successfully inserted: Gaspatxo estil andalús
[2025-05-24 20:03:18] Attempting to insert product: {'name': 'Gaspatxo de maduixa', 'price': 1.25, 'category': 'drinks', 'store_id': 'bonarea', 'quantity': '300 g'}
[2025-05-24 20:03:18] Supabase Response: data=[{'name': 'Gaspatxo de maduixa', 'price': 1.25, 'category': 'drinks', 'store_id': 'bonarea', 'quantity': '300 g', 'id': '5e5fb54b-b04e-4d86-af34-e5a1c4d8f7b6', 'created_at': '2025-05-24T17:03:17.831871'}] count=None
[2025-05-24 20:03:18] ✅ Successfully inserted: Gaspatxo de maduixa
[2025-05-24 20:03:19] Attempting to insert product: {'name': 'Hummus', 'price': 0.94, 'category': 'drinks', 'store_id': 'bonarea', 'quantity': '200 g'}
[2025-05-24 20:03:19] Supabase Response: data=[{'name': 'Hummus', 'price': 0.94, 'category': 'drinks', 'store_id': 'bonarea', 'quantity': '200 g', 'id': '2f84d6da-3f90-43df-8a02-8f11981e7c31', 'created_at': '2025-05-24T17:03:18.076221'}] count=None
[2025-05-24 20:03:19] ✅ Successfully inserted: Hummus
[2025-05-24 20:03:19] Attempting to insert product: {'name': 'Cap de llom filetejat a la planxa', 'price': 2.4, 'category': 'drinks', 'store_id': 'bonarea', 'quantity': 'aprox. 198 g'}
[2025-05-24 20:03:19] Supabase Response: data=[{'name': 'Cap de llom filetejat a la planxa', 'price': 2.4, 'category': 'drinks', 'store_id': 'bonarea', 'quantity': 'aprox. 198 g', 'id': 'a446aa46-5ab1-4dba-a664-c3cf68f90478', 'created_at': '2025-05-24T17:03:18.35973'}] count=None
[2025-05-24 20:03:19] ✅ Successfully inserted: Cap de llom filetejat a la planxa
[2025-05-24 20:03:19] Attempting to insert product: {'name': "Conill d'espatlla d'anoll", 'price': 16.91, 'category': 'drinks', 'store_id': 'bonarea', 'quantity': 'aprox. 1,6 kg'}
[2025-05-24 20:03:19] Supabase Response: data=[{'name': "Conill d'espatlla d'anoll", 'price': 16.91, 'category': 'drinks', 'store_id': 'bonarea', 'quantity': 'aprox. 1,6 kg', 'id': '7a713774-51f6-4def-88f9-c570bc8c74de', 'created_at': '2025-05-24T17:03:18.739219'}] count=None
[2025-05-24 20:03:19] ✅ Successfully inserted: Conill d'espatlla d'anoll
[2025-05-24 20:03:19] Attempting to insert product: {'name': "Jarret d'anoll", 'price': 22.76, 'category': 'drinks', 'store_id': 'bonarea', 'quantity': 'aprox. 2,0 kg'}
[2025-05-24 20:03:20] Supabase Response: data=[{'name': "Jarret d'anoll", 'price': 22.76, 'category': 'drinks', 'store_id': 'bonarea', 'quantity': 'aprox. 2,0 kg', 'id': '4111ca09-73cd-41b8-a19b-94fd982336b5', 'created_at': '2025-05-24T17:03:19.012005'}] count=None
[2025-05-24 20:03:20] ✅ Successfully inserted: Jarret d'anoll
[2025-05-24 20:03:20] Attempting to insert product: {'name': 'Mixt de bull negre i donegal', 'price': 1.1, 'category': 'drinks', 'store_id': 'bonarea', 'quantity': 'aprox. 143 g'}
[2025-05-24 20:03:20] Supabase Response: data=[{'name': 'Mixt de bull negre i donegal', 'price': 1.1, 'category': 'drinks', 'store_id': 'bonarea', 'quantity': 'aprox. 143 g', 'id': 'a0ac8851-732f-4ab5-ae11-6d8c77e13a04', 'created_at': '2025-05-24T17:03:19.395466'}] count=None
[2025-05-24 20:03:20] ✅ Successfully inserted: Mixt de bull negre i donegal
[2025-05-24 20:03:20] Attempting to insert product: {'name': 'Càpsules Nescafé Dolce Gusto espresso intens', 'price': 4.25, 'category': 'drinks', 'store_id': 'bonarea', 'quantity': '16 u.'}
[2025-05-24 20:03:20] Supabase Response: data=[{'name': 'Càpsules Nescafé Dolce Gusto espresso intens', 'price': 4.25, 'category': 'drinks', 'store_id': 'bonarea', 'quantity': '16 u.', 'id': '435815e1-5922-4862-8bb0-b1a8d5a3a144', 'created_at': '2025-05-24T17:03:19.744259'}] count=None
[2025-05-24 20:03:20] ✅ Successfully inserted: Càpsules Nescafé Dolce Gusto espresso intens
[2025-05-24 20:03:20] Attempting to insert product: {'name': 'Salmó adults', 'price': 13.8, 'category': 'drinks', 'store_id': 'bonarea', 'quantity': '10 kg'}
[2025-05-24 20:03:21] Supabase Response: data=[{'name': 'Salmó adults', 'price': 13.8, 'category': 'drinks', 'store_id': 'bonarea', 'quantity': '10 kg', 'id': '6a95a34f-51d8-45a3-b693-2f478f82f025', 'created_at': '2025-05-24T17:03:20.064942'}] count=None
[2025-05-24 20:03:21] ✅ Successfully inserted: Salmó adults
[2025-05-24 20:03:21] Attempting to insert product: {'name': 'Salmó adults', 'price': 4.44, 'category': 'drinks', 'store_id': 'bonarea', 'quantity': '3 kg'}
[2025-05-24 20:03:21] Supabase Response: data=[{'name': 'Salmó adults', 'price': 4.44, 'category': 'drinks', 'store_id': 'bonarea', 'quantity': '3 kg', 'id': 'f4da7c34-5096-4382-a323-4b2e2c09c345', 'created_at': '2025-05-24T17:03:20.325684'}] count=None
[2025-05-24 20:03:21] ✅ Successfully inserted: Salmó adults
[2025-05-24 20:03:21] Attempting to insert product: {'name': 'Original adults', 'price': 13.6, 'category': 'drinks', 'store_id': 'bonarea', 'quantity': '10 kg'}
[2025-05-24 20:03:21] Supabase Response: data=[{'name': 'Original adults', 'price': 13.6, 'category': 'drinks', 'store_id': 'bonarea', 'quantity': '10 kg', 'id': 'd337edaa-3eab-4328-93f6-72ecd3a66458', 'created_at': '2025-05-24T17:03:20.585505'}] count=None
[2025-05-24 20:03:21] ✅ Successfully inserted: Original adults
[2025-05-24 20:03:21] Attempting to insert product: {'name': 'Original adults', 'price': 4.38, 'category': 'drinks', 'store_id': 'bonarea', 'quantity': '3 kg'}
[2025-05-24 20:03:22] Supabase Response: data=[{'name': 'Original adults', 'price': 4.38, 'category': 'drinks', 'store_id': 'bonarea', 'quantity': '3 kg', 'id': '35243857-f529-4ea0-9e3e-2ebd3a4596d4', 'created_at': '2025-05-24T17:03:20.872907'}] count=None
[2025-05-24 20:03:22] ✅ Successfully inserted: Original adults
[2025-05-24 20:03:22] Attempting to insert product: {'name': 'Junior 2-12 mesos', 'price': 15.9, 'category': 'drinks', 'store_id': 'bonarea', 'quantity': '10 kg'}
[2025-05-24 20:03:22] Supabase Response: data=[{'name': 'Junior 2-12 mesos', 'price': 15.9, 'category': 'drinks', 'store_id': 'bonarea', 'quantity': '10 kg', 'id': 'baa9b9e0-9cad-4a34-a700-e750d290ac5f', 'created_at': '2025-05-24T17:03:21.177046'}] count=None
[2025-05-24 20:03:22] ✅ Successfully inserted: Junior 2-12 mesos
[2025-05-24 20:03:22] Attempting to insert product: {'name': 'Junior 2-12 mesos', 'price': 5.07, 'category': 'drinks', 'store_id': 'bonarea', 'quantity': '3 kg'}
[2025-05-24 20:03:22] Supabase Response: data=[{'name': 'Junior 2-12 mesos', 'price': 5.07, 'category': 'drinks', 'store_id': 'bonarea', 'quantity': '3 kg', 'id': 'fb1f1de0-b90b-4397-8617-a9f52921e363', 'created_at': '2025-05-24T17:03:21.506933'}] count=None
[2025-05-24 20:03:22] ✅ Successfully inserted: Junior 2-12 mesos
[2025-05-24 20:03:22] Attempting to insert product: {'name': 'Pit de pollastre groc sencer', 'price': 4.54, 'category': 'drinks', 'store_id': 'bonarea', 'quantity': 'aprox. 693 g'}
[2025-05-24 20:03:23] Supabase Response: data=[{'name': 'Pit de pollastre groc sencer', 'price': 4.54, 'category': 'drinks', 'store_id': 'bonarea', 'quantity': 'aprox. 693 g', 'id': '59a77315-0f73-4a33-afec-de0093bc11d8', 'created_at': '2025-05-24T17:03:21.78928'}] count=None
[2025-05-24 20:03:23] ✅ Successfully inserted: Pit de pollastre groc sencer
[2025-05-24 20:03:23] Attempting to insert product: {'name': 'Pernilets de pollastre groc', 'price': 3.64, 'category': 'drinks', 'store_id': 'bonarea', 'quantity': 'aprox. 1,0 kg'}
[2025-05-24 20:03:23] Supabase Response: data=[{'name': 'Pernilets de pollastre groc', 'price': 3.64, 'category': 'drinks', 'store_id': 'bonarea', 'quantity': 'aprox. 1,0 kg', 'id': '8ab880c2-73b7-41b4-a5a1-098730cbaf2c', 'created_at': '2025-05-24T17:03:22.250668'}] count=None
[2025-05-24 20:03:23] ✅ Successfully inserted: Pernilets de pollastre groc
[2025-05-24 20:03:23] Attempting to insert product: {'name': 'Pit de pollastre blanc sencer', 'price': 4.68, 'category': 'drinks', 'store_id': 'bonarea', 'quantity': 'aprox. 715 g'}
[2025-05-24 20:03:23] Supabase Response: data=[{'name': 'Pit de pollastre blanc sencer', 'price': 4.68, 'category': 'drinks', 'store_id': 'bonarea', 'quantity': 'aprox. 715 g', 'id': 'b091f4e4-1cda-47c2-8207-1c8f9a6e137e', 'created_at': '2025-05-24T17:03:22.531232'}] count=None
[2025-05-24 20:03:23] ✅ Successfully inserted: Pit de pollastre blanc sencer
[2025-05-24 20:03:23] Attempting to insert product: {'name': 'Pernilets de pollastre blanc', 'price': 3.8, 'category': 'drinks', 'store_id': 'bonarea', 'quantity': 'aprox. 1,1 kg'}
[2025-05-24 20:03:24] Supabase Response: data=[{'name': 'Pernilets de pollastre blanc', 'price': 3.8, 'category': 'drinks', 'store_id': 'bonarea', 'quantity': 'aprox. 1,1 kg', 'id': '39b0a8ef-5abc-49a1-8613-cbd207444bd5', 'created_at': '2025-05-24T17:03:22.868618'}] count=None
[2025-05-24 20:03:24] ✅ Successfully inserted: Pernilets de pollastre blanc
[2025-05-24 20:03:24] Attempting to insert product: {'name': 'Pit de pollastre groc filetejat', 'price': 4.69, 'category': 'drinks', 'store_id': 'bonarea', 'quantity': 'aprox. 660 g'}
[2025-05-24 20:03:24] Supabase Response: data=[{'name': 'Pit de pollastre groc filetejat', 'price': 4.69, 'category': 'drinks', 'store_id': 'bonarea', 'quantity': 'aprox. 660 g', 'id': '5d9d2843-20c2-4efa-9211-306a9665e2ba', 'created_at': '2025-05-24T17:03:23.136272'}] count=None
[2025-05-24 20:03:24] ✅ Successfully inserted: Pit de pollastre groc filetejat
[2025-05-24 20:03:24] Attempting to insert product: {'name': 'Pit de pollastre sencer 65% cereals', 'price': 4.57, 'category': 'drinks', 'store_id': 'bonarea', 'quantity': 'aprox. 605 g'}
[2025-05-24 20:03:24] Supabase Response: data=[{'name': 'Pit de pollastre sencer 65% cereals', 'price': 4.57, 'category': 'drinks', 'store_id': 'bonarea', 'quantity': 'aprox. 605 g', 'id': '370f457d-857d-4f24-89f8-48b73b3852ca', 'created_at': '2025-05-24T17:03:23.44042'}] count=None
[2025-05-24 20:03:24] ✅ Successfully inserted: Pit de pollastre sencer 65% cereals
[2025-05-24 20:03:28] Attempting to insert product: {'name': 'Gaspatxo', 'price': 2.85, 'category': 'drinks', 'store_id': 'bonarea', 'quantity': '1 l'}
[2025-05-24 20:03:28] Supabase Response: data=[{'name': 'Gaspatxo', 'price': 2.85, 'category': 'drinks', 'store_id': 'bonarea', 'quantity': '1 l', 'id': '363ecc3e-20c2-4bfc-afc9-91a17e54f286', 'created_at': '2025-05-24T17:03:27.559574'}] count=None
[2025-05-24 20:03:28] ✅ Successfully inserted: Gaspatxo
[2025-05-24 20:03:28] Attempting to insert product: {'name': 'Salmorejo', 'price': 3.15, 'category': 'drinks', 'store_id': 'bonarea', 'quantity': '1 l'}
[2025-05-24 20:03:28] Supabase Response: data=[{'name': 'Salmorejo', 'price': 3.15, 'category': 'drinks', 'store_id': 'bonarea', 'quantity': '1 l', 'id': '8471e31a-ca23-4442-9e3f-ba525c535122', 'created_at': '2025-05-24T17:03:27.838388'}] count=None
[2025-05-24 20:03:28] ✅ Successfully inserted: Salmorejo
[2025-05-24 20:03:29] Attempting to insert product: {'name': 'Gaspatxo bric', 'price': 1.95, 'category': 'drinks', 'store_id': 'bonarea', 'quantity': '1 l'}
[2025-05-24 20:03:29] Supabase Response: data=[{'name': 'Gaspatxo bric', 'price': 1.95, 'category': 'drinks', 'store_id': 'bonarea', 'quantity': '1 l', 'id': '7def76da-21b3-411b-95ba-f593e55efba1', 'created_at': '2025-05-24T17:03:28.09583'}] count=None
[2025-05-24 20:03:29] ✅ Successfully inserted: Gaspatxo bric
[2025-05-24 20:03:29] Attempting to insert product: {'name': 'Salmorejo bric', 'price': 2.3, 'category': 'drinks', 'store_id': 'bonarea', 'quantity': '1 l'}
[2025-05-24 20:03:29] Supabase Response: data=[{'name': 'Salmorejo bric', 'price': 2.3, 'category': 'drinks', 'store_id': 'bonarea', 'quantity': '1 l', 'id': '1648da71-abae-43ee-96b6-eec88e3fd11d', 'created_at': '2025-05-24T17:03:28.447878'}] count=None
[2025-05-24 20:03:29] ✅ Successfully inserted: Salmorejo bric
[2025-05-24 20:03:29] Attempting to insert product: {'name': 'Gaspatxo estil andalús', 'price': 1.1, 'category': 'drinks', 'store_id': 'bonarea', 'quantity': '300 g'}
[2025-05-24 20:03:29] Supabase Response: data=[{'name': 'Gaspatxo estil andalús', 'price': 1.1, 'category': 'drinks', 'store_id': 'bonarea', 'quantity': '300 g', 'id': '6ad3cac8-ec88-4948-bc56-4b02a5083b0a', 'created_at': '2025-05-24T17:03:28.758703'}] count=None
[2025-05-24 20:03:29] ✅ Successfully inserted: Gaspatxo estil andalús
[2025-05-24 20:03:29] Attempting to insert product: {'name': 'Gaspatxo de maduixa', 'price': 1.25, 'category': 'drinks', 'store_id': 'bonarea', 'quantity': '300 g'}
[2025-05-24 20:03:30] Supabase Response: data=[{'name': 'Gaspatxo de maduixa', 'price': 1.25, 'category': 'drinks', 'store_id': 'bonarea', 'quantity': '300 g', 'id': '085d87b8-2e5f-4b77-b438-94e9599441a3', 'created_at': '2025-05-24T17:03:29.056596'}] count=None
[2025-05-24 20:03:30] ✅ Successfully inserted: Gaspatxo de maduixa
[2025-05-24 20:03:30] Attempting to insert product: {'name': 'Hummus', 'price': 0.94, 'category': 'drinks', 'store_id': 'bonarea', 'quantity': '200 g'}
[2025-05-24 20:03:30] Supabase Response: data=[{'name': 'Hummus', 'price': 0.94, 'category': 'drinks', 'store_id': 'bonarea', 'quantity': '200 g', 'id': 'bfd52885-bac7-4a80-8ae2-c9edd4bbea16', 'created_at': '2025-05-24T17:03:29.36463'}] count=None
[2025-05-24 20:03:30] ✅ Successfully inserted: Hummus
[2025-05-24 20:03:30] Attempting to insert product: {'name': 'Cap de llom filetejat a la planxa', 'price': 2.4, 'category': 'drinks', 'store_id': 'bonarea', 'quantity': 'aprox. 198 g'}
[2025-05-24 20:03:30] Supabase Response: data=[{'name': 'Cap de llom filetejat a la planxa', 'price': 2.4, 'category': 'drinks', 'store_id': 'bonarea', 'quantity': 'aprox. 198 g', 'id': '0879bbd4-e3b6-4a14-968c-e2bdde92d69c', 'created_at': '2025-05-24T17:03:29.6664'}] count=None
[2025-05-24 20:03:30] ✅ Successfully inserted: Cap de llom filetejat a la planxa
[2025-05-24 20:03:30] Attempting to insert product: {'name': "Conill d'espatlla d'anoll", 'price': 16.91, 'category': 'drinks', 'store_id': 'bonarea', 'quantity': 'aprox. 1,6 kg'}
[2025-05-24 20:03:31] Supabase Response: data=[{'name': "Conill d'espatlla d'anoll", 'price': 16.91, 'category': 'drinks', 'store_id': 'bonarea', 'quantity': 'aprox. 1,6 kg', 'id': '7454a005-b6bf-4b98-883e-f62c60c20da3', 'created_at': '2025-05-24T17:03:29.99843'}] count=None
[2025-05-24 20:03:31] ✅ Successfully inserted: Conill d'espatlla d'anoll
[2025-05-24 20:03:31] Attempting to insert product: {'name': "Jarret d'anoll", 'price': 22.76, 'category': 'drinks', 'store_id': 'bonarea', 'quantity': 'aprox. 2,0 kg'}
[2025-05-24 20:03:31] Supabase Response: data=[{'name': "Jarret d'anoll", 'price': 22.76, 'category': 'drinks', 'store_id': 'bonarea', 'quantity': 'aprox. 2,0 kg', 'id': 'ff9a04d6-c056-4fd9-8248-efa6e0d81db3', 'created_at': '2025-05-24T17:03:30.285016'}] count=None
[2025-05-24 20:03:31] ✅ Successfully inserted: Jarret d'anoll
[2025-05-24 20:03:31] Attempting to insert product: {'name': 'Mixt de bull negre i donegal', 'price': 1.1, 'category': 'drinks', 'store_id': 'bonarea', 'quantity': 'aprox. 143 g'}
[2025-05-24 20:03:31] Supabase Response: data=[{'name': 'Mixt de bull negre i donegal', 'price': 1.1, 'category': 'drinks', 'store_id': 'bonarea', 'quantity': 'aprox. 143 g', 'id': '75b13bdf-7461-497b-8d7f-6020bd9ac62e', 'created_at': '2025-05-24T17:03:30.592113'}] count=None
[2025-05-24 20:03:31] ✅ Successfully inserted: Mixt de bull negre i donegal
[2025-05-24 20:03:31] Attempting to insert product: {'name': 'Càpsules Nescafé Dolce Gusto espresso intens', 'price': 4.25, 'category': 'drinks', 'store_id': 'bonarea', 'quantity': '16 u.'}
[2025-05-24 20:03:32] Supabase Response: data=[{'name': 'Càpsules Nescafé Dolce Gusto espresso intens', 'price': 4.25, 'category': 'drinks', 'store_id': 'bonarea', 'quantity': '16 u.', 'id': '8fbc9ff2-e36c-4382-aabe-0d2b8fe7f989', 'created_at': '2025-05-24T17:03:30.899356'}] count=None
[2025-05-24 20:03:32] ✅ Successfully inserted: Càpsules Nescafé Dolce Gusto espresso intens
[2025-05-24 20:03:32] Attempting to insert product: {'name': 'Salmó adults', 'price': 13.8, 'category': 'drinks', 'store_id': 'bonarea', 'quantity': '10 kg'}
[2025-05-24 20:03:32] Supabase Response: data=[{'name': 'Salmó adults', 'price': 13.8, 'category': 'drinks', 'store_id': 'bonarea', 'quantity': '10 kg', 'id': 'a464dc37-1428-40d3-b7f3-274e2b744e19', 'created_at': '2025-05-24T17:03:31.202444'}] count=None
[2025-05-24 20:03:32] ✅ Successfully inserted: Salmó adults
[2025-05-24 20:03:32] Attempting to insert product: {'name': 'Salmó adults', 'price': 4.44, 'category': 'drinks', 'store_id': 'bonarea', 'quantity': '3 kg'}
[2025-05-24 20:03:32] Supabase Response: data=[{'name': 'Salmó adults', 'price': 4.44, 'category': 'drinks', 'store_id': 'bonarea', 'quantity': '3 kg', 'id': '42b1d33f-e9ea-41b6-b8dc-b11fb71dbd59', 'created_at': '2025-05-24T17:03:31.506463'}] count=None
[2025-05-24 20:03:32] ✅ Successfully inserted: Salmó adults
[2025-05-24 20:03:32] Attempting to insert product: {'name': 'Original adults', 'price': 13.6, 'category': 'drinks', 'store_id': 'bonarea', 'quantity': '10 kg'}
[2025-05-24 20:03:33] Supabase Response: data=[{'name': 'Original adults', 'price': 13.6, 'category': 'drinks', 'store_id': 'bonarea', 'quantity': '10 kg', 'id': '1929fc8f-1c61-414f-bdc7-c5fd0618d1b2', 'created_at': '2025-05-24T17:03:31.845326'}] count=None
[2025-05-24 20:03:33] ✅ Successfully inserted: Original adults
[2025-05-24 20:03:33] Attempting to insert product: {'name': 'Original adults', 'price': 4.38, 'category': 'drinks', 'store_id': 'bonarea', 'quantity': '3 kg'}
[2025-05-24 20:03:33] Supabase Response: data=[{'name': 'Original adults', 'price': 4.38, 'category': 'drinks', 'store_id': 'bonarea', 'quantity': '3 kg', 'id': 'fda98908-4594-4b58-b8d4-011aeb444936', 'created_at': '2025-05-24T17:03:32.126003'}] count=None
[2025-05-24 20:03:33] ✅ Successfully inserted: Original adults
[2025-05-24 20:03:33] Attempting to insert product: {'name': 'Junior 2-12 mesos', 'price': 15.9, 'category': 'drinks', 'store_id': 'bonarea', 'quantity': '10 kg'}
[2025-05-24 20:03:33] Supabase Response: data=[{'name': 'Junior 2-12 mesos', 'price': 15.9, 'category': 'drinks', 'store_id': 'bonarea', 'quantity': '10 kg', 'id': 'd2d4c701-3de0-4bff-b01f-c49ed72a52bf', 'created_at': '2025-05-24T17:03:32.439305'}] count=None
[2025-05-24 20:03:33] ✅ Successfully inserted: Junior 2-12 mesos
[2025-05-24 20:03:33] Attempting to insert product: {'name': 'Junior 2-12 mesos', 'price': 5.07, 'category': 'drinks', 'store_id': 'bonarea', 'quantity': '3 kg'}
[2025-05-24 20:03:33] Supabase Response: data=[{'name': 'Junior 2-12 mesos', 'price': 5.07, 'category': 'drinks', 'store_id': 'bonarea', 'quantity': '3 kg', 'id': '1eb09ee0-f6d2-4b68-98a8-2f46cc1e418e', 'created_at': '2025-05-24T17:03:32.762353'}] count=None
[2025-05-24 20:03:33] ✅ Successfully inserted: Junior 2-12 mesos
[2025-05-24 20:03:33] Attempting to insert product: {'name': 'Pit de pollastre groc sencer', 'price': 4.54, 'category': 'drinks', 'store_id': 'bonarea', 'quantity': 'aprox. 693 g'}
[2025-05-24 20:03:34] Supabase Response: data=[{'name': 'Pit de pollastre groc sencer', 'price': 4.54, 'category': 'drinks', 'store_id': 'bonarea', 'quantity': 'aprox. 693 g', 'id': 'd15c9ad1-a75c-4f26-af09-6d6fbecfbff1', 'created_at': '2025-05-24T17:03:33.076997'}] count=None
[2025-05-24 20:03:34] ✅ Successfully inserted: Pit de pollastre groc sencer
[2025-05-24 20:03:34] Attempting to insert product: {'name': 'Pernilets de pollastre groc', 'price': 3.64, 'category': 'drinks', 'store_id': 'bonarea', 'quantity': 'aprox. 1,0 kg'}
[2025-05-24 20:03:34] Supabase Response: data=[{'name': 'Pernilets de pollastre groc', 'price': 3.64, 'category': 'drinks', 'store_id': 'bonarea', 'quantity': 'aprox. 1,0 kg', 'id': '4fdc55ed-b691-4412-8921-821f325adc50', 'created_at': '2025-05-24T17:03:33.361297'}] count=None
[2025-05-24 20:03:34] ✅ Successfully inserted: Pernilets de pollastre groc
[2025-05-24 20:03:34] Attempting to insert product: {'name': 'Pit de pollastre blanc sencer', 'price': 4.68, 'category': 'drinks', 'store_id': 'bonarea', 'quantity': 'aprox. 715 g'}
[2025-05-24 20:03:34] Supabase Response: data=[{'name': 'Pit de pollastre blanc sencer', 'price': 4.68, 'category': 'drinks', 'store_id': 'bonarea', 'quantity': 'aprox. 715 g', 'id': '6e85ec36-4eb1-4318-a184-468a1cde2927', 'created_at': '2025-05-24T17:03:33.640093'}] count=None
[2025-05-24 20:03:34] ✅ Successfully inserted: Pit de pollastre blanc sencer
[2025-05-24 20:03:34] Attempting to insert product: {'name': 'Pernilets de pollastre blanc', 'price': 3.8, 'category': 'drinks', 'store_id': 'bonarea', 'quantity': 'aprox. 1,1 kg'}
[2025-05-24 20:03:35] Supabase Response: data=[{'name': 'Pernilets de pollastre blanc', 'price': 3.8, 'category': 'drinks', 'store_id': 'bonarea', 'quantity': 'aprox. 1,1 kg', 'id': 'e890bf6f-3d7d-4a94-b8ab-037aac2e4855', 'created_at': '2025-05-24T17:03:33.888723'}] count=None
[2025-05-24 20:03:35] ✅ Successfully inserted: Pernilets de pollastre blanc
[2025-05-24 20:03:35] Attempting to insert product: {'name': 'Pit de pollastre groc filetejat', 'price': 4.69, 'category': 'drinks', 'store_id': 'bonarea', 'quantity': 'aprox. 660 g'}
[2025-05-24 20:03:35] Supabase Response: data=[{'name': 'Pit de pollastre groc filetejat', 'price': 4.69, 'category': 'drinks', 'store_id': 'bonarea', 'quantity': 'aprox. 660 g', 'id': '47ccebd0-c535-47a0-b5db-9659c8413757', 'created_at': '2025-05-24T17:03:34.182619'}] count=None
[2025-05-24 20:03:35] ✅ Successfully inserted: Pit de pollastre groc filetejat
[2025-05-24 20:03:35] Attempting to insert product: {'name': 'Pit de pollastre sencer 65% cereals', 'price': 4.57, 'category': 'drinks', 'store_id': 'bonarea', 'quantity': 'aprox. 605 g'}
[2025-05-24 20:03:35] Supabase Response: data=[{'name': 'Pit de pollastre sencer 65% cereals', 'price': 4.57, 'category': 'drinks', 'store_id': 'bonarea', 'quantity': 'aprox. 605 g', 'id': '32798bb8-be03-416a-a3aa-6c7b1583fbe6', 'created_at': '2025-05-24T17:03:34.462312'}] count=None
[2025-05-24 20:03:35] ✅ Successfully inserted: Pit de pollastre sencer 65% cereals
[2025-05-24 20:03:39] Attempting to insert product: {'name': 'Gaspatxo', 'price': 2.85, 'category': 'drinks', 'store_id': 'bonarea', 'quantity': '1 l'}
[2025-05-24 20:03:39] Supabase Response: data=[{'name': 'Gaspatxo', 'price': 2.85, 'category': 'drinks', 'store_id': 'bonarea', 'quantity': '1 l', 'id': '543c203b-4bb2-4025-9b58-3698e2dae7d5', 'created_at': '2025-05-24T17:03:38.436894'}] count=None
[2025-05-24 20:03:39] ✅ Successfully inserted: Gaspatxo
[2025-05-24 20:03:39] Attempting to insert product: {'name': 'Salmorejo', 'price': 3.15, 'category': 'drinks', 'store_id': 'bonarea', 'quantity': '1 l'}
[2025-05-24 20:03:39] Supabase Response: data=[{'name': 'Salmorejo', 'price': 3.15, 'category': 'drinks', 'store_id': 'bonarea', 'quantity': '1 l', 'id': 'ae0d8470-94a9-454e-8d25-5a93db61fae2', 'created_at': '2025-05-24T17:03:38.676727'}] count=None
[2025-05-24 20:03:39] ✅ Successfully inserted: Salmorejo
[2025-05-24 20:03:39] Attempting to insert product: {'name': 'Gaspatxo bric', 'price': 1.95, 'category': 'drinks', 'store_id': 'bonarea', 'quantity': '1 l'}
[2025-05-24 20:03:40] Supabase Response: data=[{'name': 'Gaspatxo bric', 'price': 1.95, 'category': 'drinks', 'store_id': 'bonarea', 'quantity': '1 l', 'id': '8abb80fa-36ff-4a2e-9588-17bd40762e6e', 'created_at': '2025-05-24T17:03:38.926004'}] count=None
[2025-05-24 20:03:40] ✅ Successfully inserted: Gaspatxo bric
[2025-05-24 20:03:40] Attempting to insert product: {'name': 'Salmorejo bric', 'price': 2.3, 'category': 'drinks', 'store_id': 'bonarea', 'quantity': '1 l'}
[2025-05-24 20:03:40] Supabase Response: data=[{'name': 'Salmorejo bric', 'price': 2.3, 'category': 'drinks', 'store_id': 'bonarea', 'quantity': '1 l', 'id': '4dfa3429-b7bf-480e-b0d1-49329ab6304b', 'created_at': '2025-05-24T17:03:39.166333'}] count=None
[2025-05-24 20:03:40] ✅ Successfully inserted: Salmorejo bric
[2025-05-24 20:03:40] Attempting to insert product: {'name': 'Gaspatxo estil andalús', 'price': 1.1, 'category': 'drinks', 'store_id': 'bonarea', 'quantity': '300 g'}
[2025-05-24 20:03:40] Supabase Response: data=[{'name': 'Gaspatxo estil andalús', 'price': 1.1, 'category': 'drinks', 'store_id': 'bonarea', 'quantity': '300 g', 'id': 'c90fde88-ab1b-4336-b6b8-8ec2514fe6e9', 'created_at': '2025-05-24T17:03:39.42006'}] count=None
[2025-05-24 20:03:40] ✅ Successfully inserted: Gaspatxo estil andalús
[2025-05-24 20:03:40] Attempting to insert product: {'name': 'Gaspatxo de maduixa', 'price': 1.25, 'category': 'drinks', 'store_id': 'bonarea', 'quantity': '300 g'}
[2025-05-24 20:03:40] Supabase Response: data=[{'name': 'Gaspatxo de maduixa', 'price': 1.25, 'category': 'drinks', 'store_id': 'bonarea', 'quantity': '300 g', 'id': '346a641e-681f-4f33-83d4-8a0844b06c48', 'created_at': '2025-05-24T17:03:39.684337'}] count=None
[2025-05-24 20:03:40] ✅ Successfully inserted: Gaspatxo de maduixa
[2025-05-24 20:03:40] Attempting to insert product: {'name': 'Hummus', 'price': 0.94, 'category': 'drinks', 'store_id': 'bonarea', 'quantity': '200 g'}
[2025-05-24 20:03:41] Supabase Response: data=[{'name': 'Hummus', 'price': 0.94, 'category': 'drinks', 'store_id': 'bonarea', 'quantity': '200 g', 'id': 'e9068419-1b3c-484c-b177-ecc9ad703ce8', 'created_at': '2025-05-24T17:03:39.926671'}] count=None
[2025-05-24 20:03:41] ✅ Successfully inserted: Hummus
[2025-05-24 20:03:41] Attempting to insert product: {'name': 'Cap de llom filetejat a la planxa', 'price': 2.4, 'category': 'drinks', 'store_id': 'bonarea', 'quantity': 'aprox. 198 g'}
[2025-05-24 20:03:41] Supabase Response: data=[{'name': 'Cap de llom filetejat a la planxa', 'price': 2.4, 'category': 'drinks', 'store_id': 'bonarea', 'quantity': 'aprox. 198 g', 'id': 'f001cbf6-7325-4f76-882a-af8f872b949d', 'created_at': '2025-05-24T17:03:40.169141'}] count=None
[2025-05-24 20:03:41] ✅ Successfully inserted: Cap de llom filetejat a la planxa
[2025-05-24 20:03:41] Attempting to insert product: {'name': "Conill d'espatlla d'anoll", 'price': 16.91, 'category': 'drinks', 'store_id': 'bonarea', 'quantity': 'aprox. 1,6 kg'}
[2025-05-24 20:03:41] Supabase Response: data=[{'name': "Conill d'espatlla d'anoll", 'price': 16.91, 'category': 'drinks', 'store_id': 'bonarea', 'quantity': 'aprox. 1,6 kg', 'id': 'ab43d7ff-7639-4766-9448-ee3b37c04ce8', 'created_at': '2025-05-24T17:03:40.44201'}] count=None
[2025-05-24 20:03:41] ✅ Successfully inserted: Conill d'espatlla d'anoll
[2025-05-24 20:03:41] Attempting to insert product: {'name': "Jarret d'anoll", 'price': 22.76, 'category': 'drinks', 'store_id': 'bonarea', 'quantity': 'aprox. 2,0 kg'}
[2025-05-24 20:03:41] Supabase Response: data=[{'name': "Jarret d'anoll", 'price': 22.76, 'category': 'drinks', 'store_id': 'bonarea', 'quantity': 'aprox. 2,0 kg', 'id': '3e306df3-6b98-46d2-9877-ed6050334b4f', 'created_at': '2025-05-24T17:03:40.698022'}] count=None
[2025-05-24 20:03:41] ✅ Successfully inserted: Jarret d'anoll
[2025-05-24 20:03:41] Attempting to insert product: {'name': 'Mixt de bull negre i donegal', 'price': 1.1, 'category': 'drinks', 'store_id': 'bonarea', 'quantity': 'aprox. 143 g'}
[2025-05-24 20:03:42] Supabase Response: data=[{'name': 'Mixt de bull negre i donegal', 'price': 1.1, 'category': 'drinks', 'store_id': 'bonarea', 'quantity': 'aprox. 143 g', 'id': '2bc695c5-9455-4ed3-b789-b57c1e6d7485', 'created_at': '2025-05-24T17:03:40.959975'}] count=None
[2025-05-24 20:03:42] ✅ Successfully inserted: Mixt de bull negre i donegal
[2025-05-24 20:03:42] Attempting to insert product: {'name': 'Càpsules Nescafé Dolce Gusto espresso intens', 'price': 4.25, 'category': 'drinks', 'store_id': 'bonarea', 'quantity': '16 u.'}
[2025-05-24 20:03:42] Supabase Response: data=[{'name': 'Càpsules Nescafé Dolce Gusto espresso intens', 'price': 4.25, 'category': 'drinks', 'store_id': 'bonarea', 'quantity': '16 u.', 'id': 'a8d66018-4585-4c8e-b1ef-e31531f6ec61', 'created_at': '2025-05-24T17:03:41.207969'}] count=None
[2025-05-24 20:03:42] ✅ Successfully inserted: Càpsules Nescafé Dolce Gusto espresso intens
[2025-05-24 20:03:42] Attempting to insert product: {'name': 'Salmó adults', 'price': 13.8, 'category': 'drinks', 'store_id': 'bonarea', 'quantity': '10 kg'}
[2025-05-24 20:03:42] Supabase Response: data=[{'name': 'Salmó adults', 'price': 13.8, 'category': 'drinks', 'store_id': 'bonarea', 'quantity': '10 kg', 'id': 'e77ad690-8028-406c-a3f5-310fc9a6577d', 'created_at': '2025-05-24T17:03:41.546191'}] count=None
[2025-05-24 20:03:42] ✅ Successfully inserted: Salmó adults
[2025-05-24 20:03:42] Attempting to insert product: {'name': 'Salmó adults', 'price': 4.44, 'category': 'drinks', 'store_id': 'bonarea', 'quantity': '3 kg'}
[2025-05-24 20:03:43] Supabase Response: data=[{'name': 'Salmó adults', 'price': 4.44, 'category': 'drinks', 'store_id': 'bonarea', 'quantity': '3 kg', 'id': 'f7a7e255-dabf-42ec-adc1-b86aa63ba234', 'created_at': '2025-05-24T17:03:41.874121'}] count=None
[2025-05-24 20:03:43] ✅ Successfully inserted: Salmó adults
[2025-05-24 20:03:43] Attempting to insert product: {'name': 'Original adults', 'price': 13.6, 'category': 'drinks', 'store_id': 'bonarea', 'quantity': '10 kg'}
[2025-05-24 20:03:43] Supabase Response: data=[{'name': 'Original adults', 'price': 13.6, 'category': 'drinks', 'store_id': 'bonarea', 'quantity': '10 kg', 'id': '9c45cd0e-35c6-4c91-9006-a37c552357a8', 'created_at': '2025-05-24T17:03:42.16303'}] count=None
[2025-05-24 20:03:43] ✅ Successfully inserted: Original adults
[2025-05-24 20:03:43] Attempting to insert product: {'name': 'Original adults', 'price': 4.38, 'category': 'drinks', 'store_id': 'bonarea', 'quantity': '3 kg'}
[2025-05-24 20:03:43] Supabase Response: data=[{'name': 'Original adults', 'price': 4.38, 'category': 'drinks', 'store_id': 'bonarea', 'quantity': '3 kg', 'id': '7799339d-7cd0-4c70-a842-dae9d2afce1e', 'created_at': '2025-05-24T17:03:42.490628'}] count=None
[2025-05-24 20:03:43] ✅ Successfully inserted: Original adults
[2025-05-24 20:03:43] Attempting to insert product: {'name': 'Junior 2-12 mesos', 'price': 15.9, 'category': 'drinks', 'store_id': 'bonarea', 'quantity': '10 kg'}
[2025-05-24 20:03:43] Supabase Response: data=[{'name': 'Junior 2-12 mesos', 'price': 15.9, 'category': 'drinks', 'store_id': 'bonarea', 'quantity': '10 kg', 'id': 'bae266bd-ca65-4948-acb1-33838366b116', 'created_at': '2025-05-24T17:03:42.738034'}] count=None
[2025-05-24 20:03:43] ✅ Successfully inserted: Junior 2-12 mesos
[2025-05-24 20:03:43] Attempting to insert product: {'name': 'Junior 2-12 mesos', 'price': 5.07, 'category': 'drinks', 'store_id': 'bonarea', 'quantity': '3 kg'}
[2025-05-24 20:03:44] Supabase Response: data=[{'name': 'Junior 2-12 mesos', 'price': 5.07, 'category': 'drinks', 'store_id': 'bonarea', 'quantity': '3 kg', 'id': '3941eb4b-35d5-4353-9470-44614642cbe2', 'created_at': '2025-05-24T17:03:42.99426'}] count=None
[2025-05-24 20:03:44] ✅ Successfully inserted: Junior 2-12 mesos
[2025-05-24 20:03:44] Attempting to insert product: {'name': 'Pit de pollastre groc sencer', 'price': 4.54, 'category': 'drinks', 'store_id': 'bonarea', 'quantity': 'aprox. 693 g'}
[2025-05-24 20:03:44] Supabase Response: data=[{'name': 'Pit de pollastre groc sencer', 'price': 4.54, 'category': 'drinks', 'store_id': 'bonarea', 'quantity': 'aprox. 693 g', 'id': '28033023-3258-40d4-9827-a56eade3c337', 'created_at': '2025-05-24T17:03:43.258013'}] count=None
[2025-05-24 20:03:44] ✅ Successfully inserted: Pit de pollastre groc sencer
[2025-05-24 20:03:44] Attempting to insert product: {'name': 'Pernilets de pollastre groc', 'price': 3.64, 'category': 'drinks', 'store_id': 'bonarea', 'quantity': 'aprox. 1,0 kg'}
[2025-05-24 20:03:44] Supabase Response: data=[{'name': 'Pernilets de pollastre groc', 'price': 3.64, 'category': 'drinks', 'store_id': 'bonarea', 'quantity': 'aprox. 1,0 kg', 'id': '49974689-4c81-4307-8eec-d7b7557b8aa0', 'created_at': '2025-05-24T17:03:43.608576'}] count=None
[2025-05-24 20:03:44] ✅ Successfully inserted: Pernilets de pollastre groc
[2025-05-24 20:03:44] Attempting to insert product: {'name': 'Pit de pollastre blanc sencer', 'price': 4.68, 'category': 'drinks', 'store_id': 'bonarea', 'quantity': 'aprox. 715 g'}
[2025-05-24 20:03:45] Supabase Response: data=[{'name': 'Pit de pollastre blanc sencer', 'price': 4.68, 'category': 'drinks', 'store_id': 'bonarea', 'quantity': 'aprox. 715 g', 'id': '426b08c6-9255-4ff6-88d6-bf01772af172', 'created_at': '2025-05-24T17:03:43.859178'}] count=None
[2025-05-24 20:03:45] ✅ Successfully inserted: Pit de pollastre blanc sencer
[2025-05-24 20:03:45] Attempting to insert product: {'name': 'Pernilets de pollastre blanc', 'price': 3.8, 'category': 'drinks', 'store_id': 'bonarea', 'quantity': 'aprox. 1,1 kg'}
[2025-05-24 20:03:45] Supabase Response: data=[{'name': 'Pernilets de pollastre blanc', 'price': 3.8, 'category': 'drinks', 'store_id': 'bonarea', 'quantity': 'aprox. 1,1 kg', 'id': '44409e87-f3a0-452d-8f9a-5fc055102c16', 'created_at': '2025-05-24T17:03:44.10686'}] count=None
[2025-05-24 20:03:45] ✅ Successfully inserted: Pernilets de pollastre blanc
[2025-05-24 20:03:45] Attempting to insert product: {'name': 'Pit de pollastre groc filetejat', 'price': 4.69, 'category': 'drinks', 'store_id': 'bonarea', 'quantity': 'aprox. 660 g'}
[2025-05-24 20:03:45] Supabase Response: data=[{'name': 'Pit de pollastre groc filetejat', 'price': 4.69, 'category': 'drinks', 'store_id': 'bonarea', 'quantity': 'aprox. 660 g', 'id': 'e348d8df-beca-4943-8e19-7448c2436179', 'created_at': '2025-05-24T17:03:44.415561'}] count=None
[2025-05-24 20:03:45] ✅ Successfully inserted: Pit de pollastre groc filetejat
[2025-05-24 20:03:45] Attempting to insert product: {'name': 'Pit de pollastre sencer 65% cereals', 'price': 4.57, 'category': 'drinks', 'store_id': 'bonarea', 'quantity': 'aprox. 605 g'}
[2025-05-24 20:03:45] Supabase Response: data=[{'name': 'Pit de pollastre sencer 65% cereals', 'price': 4.57, 'category': 'drinks', 'store_id': 'bonarea', 'quantity': 'aprox. 605 g', 'id': '41b48df3-f162-42b8-998c-54335ea5d566', 'created_at': '2025-05-24T17:03:44.722622'}] count=None
[2025-05-24 20:03:45] ✅ Successfully inserted: Pit de pollastre sencer 65% cereals
[2025-05-24 20:03:49] Attempting to insert product: {'name': 'Gaspatxo', 'price': 2.85, 'category': 'drinks', 'store_id': 'bonarea', 'quantity': '1 l'}
[2025-05-24 20:03:49] Supabase Response: data=[{'name': 'Gaspatxo', 'price': 2.85, 'category': 'drinks', 'store_id': 'bonarea', 'quantity': '1 l', 'id': 'd0b188eb-c1a4-4be5-ae8d-949fe77c0555', 'created_at': '2025-05-24T17:03:48.754199'}] count=None
[2025-05-24 20:03:49] ✅ Successfully inserted: Gaspatxo
[2025-05-24 20:03:49] Attempting to insert product: {'name': 'Salmorejo', 'price': 3.15, 'category': 'drinks', 'store_id': 'bonarea', 'quantity': '1 l'}
[2025-05-24 20:03:50] Supabase Response: data=[{'name': 'Salmorejo', 'price': 3.15, 'category': 'drinks', 'store_id': 'bonarea', 'quantity': '1 l', 'id': 'fe3f2131-72e3-42c6-ac67-a9092d14c380', 'created_at': '2025-05-24T17:03:49.023286'}] count=None
[2025-05-24 20:03:50] ✅ Successfully inserted: Salmorejo
[2025-05-24 20:03:50] Attempting to insert product: {'name': 'Gaspatxo bric', 'price': 1.95, 'category': 'drinks', 'store_id': 'bonarea', 'quantity': '1 l'}
[2025-05-24 20:03:50] Supabase Response: data=[{'name': 'Gaspatxo bric', 'price': 1.95, 'category': 'drinks', 'store_id': 'bonarea', 'quantity': '1 l', 'id': 'c88a536c-a219-4584-ba32-30ad9694cff7', 'created_at': '2025-05-24T17:03:49.271538'}] count=None
[2025-05-24 20:03:50] ✅ Successfully inserted: Gaspatxo bric
[2025-05-24 20:03:50] Attempting to insert product: {'name': 'Salmorejo bric', 'price': 2.3, 'category': 'drinks', 'store_id': 'bonarea', 'quantity': '1 l'}
[2025-05-24 20:03:50] Supabase Response: data=[{'name': 'Salmorejo bric', 'price': 2.3, 'category': 'drinks', 'store_id': 'bonarea', 'quantity': '1 l', 'id': '7925181e-5983-4170-9cb1-bebcaf4a958f', 'created_at': '2025-05-24T17:03:49.534769'}] count=None
[2025-05-24 20:03:50] ✅ Successfully inserted: Salmorejo bric
[2025-05-24 20:03:50] Attempting to insert product: {'name': 'Gaspatxo estil andalús', 'price': 1.1, 'category': 'drinks', 'store_id': 'bonarea', 'quantity': '300 g'}
[2025-05-24 20:03:50] Supabase Response: data=[{'name': 'Gaspatxo estil andalús', 'price': 1.1, 'category': 'drinks', 'store_id': 'bonarea', 'quantity': '300 g', 'id': 'ce218b4e-cd76-4396-9893-ccacc3f1724b', 'created_at': '2025-05-24T17:03:49.773883'}] count=None
[2025-05-24 20:03:50] ✅ Successfully inserted: Gaspatxo estil andalús
[2025-05-24 20:03:50] Attempting to insert product: {'name': 'Gaspatxo de maduixa', 'price': 1.25, 'category': 'drinks', 'store_id': 'bonarea', 'quantity': '300 g'}
[2025-05-24 20:03:51] Supabase Response: data=[{'name': 'Gaspatxo de maduixa', 'price': 1.25, 'category': 'drinks', 'store_id': 'bonarea', 'quantity': '300 g', 'id': '9299279f-2807-46f4-940e-0cb6542ec2f2', 'created_at': '2025-05-24T17:03:50.010157'}] count=None
[2025-05-24 20:03:51] ✅ Successfully inserted: Gaspatxo de maduixa
[2025-05-24 20:03:51] Attempting to insert product: {'name': 'Hummus', 'price': 0.94, 'category': 'drinks', 'store_id': 'bonarea', 'quantity': '200 g'}
[2025-05-24 20:03:51] Supabase Response: data=[{'name': 'Hummus', 'price': 0.94, 'category': 'drinks', 'store_id': 'bonarea', 'quantity': '200 g', 'id': '14996776-c769-42bf-9468-ac73e947f2a5', 'created_at': '2025-05-24T17:03:50.252407'}] count=None
[2025-05-24 20:03:51] ✅ Successfully inserted: Hummus
[2025-05-24 20:03:51] Attempting to insert product: {'name': 'Cap de llom filetejat a la planxa', 'price': 2.4, 'category': 'drinks', 'store_id': 'bonarea', 'quantity': 'aprox. 198 g'}
[2025-05-24 20:03:51] Supabase Response: data=[{'name': 'Cap de llom filetejat a la planxa', 'price': 2.4, 'category': 'drinks', 'store_id': 'bonarea', 'quantity': 'aprox. 198 g', 'id': 'fc6851bb-b84b-4bb2-a402-b1bfe3b5021e', 'created_at': '2025-05-24T17:03:50.498584'}] count=None
[2025-05-24 20:03:51] ✅ Successfully inserted: Cap de llom filetejat a la planxa
[2025-05-24 20:03:51] Attempting to insert product: {'name': "Conill d'espatlla d'anoll", 'price': 16.91, 'category': 'drinks', 'store_id': 'bonarea', 'quantity': 'aprox. 1,6 kg'}
[2025-05-24 20:03:51] Supabase Response: data=[{'name': "Conill d'espatlla d'anoll", 'price': 16.91, 'category': 'drinks', 'store_id': 'bonarea', 'quantity': 'aprox. 1,6 kg', 'id': '7832592e-b24d-434d-96a4-50142153f5a0', 'created_at': '2025-05-24T17:03:50.739383'}] count=None
[2025-05-24 20:03:51] ✅ Successfully inserted: Conill d'espatlla d'anoll
[2025-05-24 20:03:51] Attempting to insert product: {'name': "Jarret d'anoll", 'price': 22.76, 'category': 'drinks', 'store_id': 'bonarea', 'quantity': 'aprox. 2,0 kg'}
[2025-05-24 20:03:52] Supabase Response: data=[{'name': "Jarret d'anoll", 'price': 22.76, 'category': 'drinks', 'store_id': 'bonarea', 'quantity': 'aprox. 2,0 kg', 'id': '336c63c4-f463-4fff-a74e-9f53949034ff', 'created_at': '2025-05-24T17:03:50.998079'}] count=None
[2025-05-24 20:03:52] ✅ Successfully inserted: Jarret d'anoll
[2025-05-24 20:03:52] Attempting to insert product: {'name': 'Mixt de bull negre i donegal', 'price': 1.1, 'category': 'drinks', 'store_id': 'bonarea', 'quantity': 'aprox. 143 g'}
[2025-05-24 20:03:52] Supabase Response: data=[{'name': 'Mixt de bull negre i donegal', 'price': 1.1, 'category': 'drinks', 'store_id': 'bonarea', 'quantity': 'aprox. 143 g', 'id': '37161f11-2975-468a-82a9-6516101f4afd', 'created_at': '2025-05-24T17:03:51.29395'}] count=None
[2025-05-24 20:03:52] ✅ Successfully inserted: Mixt de bull negre i donegal
[2025-05-24 20:03:52] Attempting to insert product: {'name': 'Càpsules Nescafé Dolce Gusto espresso intens', 'price': 4.25, 'category': 'drinks', 'store_id': 'bonarea', 'quantity': '16 u.'}
[2025-05-24 20:03:52] Supabase Response: data=[{'name': 'Càpsules Nescafé Dolce Gusto espresso intens', 'price': 4.25, 'category': 'drinks', 'store_id': 'bonarea', 'quantity': '16 u.', 'id': 'ac7953d3-3718-4ef2-b7a9-3b17f3b449ea', 'created_at': '2025-05-24T17:03:51.600744'}] count=None
[2025-05-24 20:03:52] ✅ Successfully inserted: Càpsules Nescafé Dolce Gusto espresso intens
[2025-05-24 20:03:52] Attempting to insert product: {'name': 'Salmó adults', 'price': 13.8, 'category': 'drinks', 'store_id': 'bonarea', 'quantity': '10 kg'}
[2025-05-24 20:03:53] Supabase Response: data=[{'name': 'Salmó adults', 'price': 13.8, 'category': 'drinks', 'store_id': 'bonarea', 'quantity': '10 kg', 'id': 'f6a037fd-7b83-40ba-a53a-13550d50d13c', 'created_at': '2025-05-24T17:03:51.886466'}] count=None
[2025-05-24 20:03:53] ✅ Successfully inserted: Salmó adults
[2025-05-24 20:03:53] Attempting to insert product: {'name': 'Salmó adults', 'price': 4.44, 'category': 'drinks', 'store_id': 'bonarea', 'quantity': '3 kg'}
[2025-05-24 20:03:53] Supabase Response: data=[{'name': 'Salmó adults', 'price': 4.44, 'category': 'drinks', 'store_id': 'bonarea', 'quantity': '3 kg', 'id': 'f45e9bd7-b59f-428e-a821-673f8e96c4e0', 'created_at': '2025-05-24T17:03:52.197398'}] count=None
[2025-05-24 20:03:53] ✅ Successfully inserted: Salmó adults
[2025-05-24 20:03:53] Attempting to insert product: {'name': 'Original adults', 'price': 13.6, 'category': 'drinks', 'store_id': 'bonarea', 'quantity': '10 kg'}
[2025-05-24 20:03:53] Supabase Response: data=[{'name': 'Original adults', 'price': 13.6, 'category': 'drinks', 'store_id': 'bonarea', 'quantity': '10 kg', 'id': 'be8649d2-f57f-405f-8cda-7a6399f38062', 'created_at': '2025-05-24T17:03:52.504674'}] count=None
[2025-05-24 20:03:53] ✅ Successfully inserted: Original adults
[2025-05-24 20:03:53] Attempting to insert product: {'name': 'Original adults', 'price': 4.38, 'category': 'drinks', 'store_id': 'bonarea', 'quantity': '3 kg'}
[2025-05-24 20:03:54] Supabase Response: data=[{'name': 'Original adults', 'price': 4.38, 'category': 'drinks', 'store_id': 'bonarea', 'quantity': '3 kg', 'id': '779cde47-dce6-44b8-9156-054127b7df18', 'created_at': '2025-05-24T17:03:52.813755'}] count=None
[2025-05-24 20:03:54] ✅ Successfully inserted: Original adults
[2025-05-24 20:03:54] Attempting to insert product: {'name': 'Junior 2-12 mesos', 'price': 15.9, 'category': 'drinks', 'store_id': 'bonarea', 'quantity': '10 kg'}
[2025-05-24 20:03:54] Supabase Response: data=[{'name': 'Junior 2-12 mesos', 'price': 15.9, 'category': 'drinks', 'store_id': 'bonarea', 'quantity': '10 kg', 'id': '863b4bec-17df-4334-a7e9-dd52a167a86d', 'created_at': '2025-05-24T17:03:53.131266'}] count=None
[2025-05-24 20:03:54] ✅ Successfully inserted: Junior 2-12 mesos
[2025-05-24 20:03:54] Attempting to insert product: {'name': 'Junior 2-12 mesos', 'price': 5.07, 'category': 'drinks', 'store_id': 'bonarea', 'quantity': '3 kg'}
[2025-05-24 20:03:54] Supabase Response: data=[{'name': 'Junior 2-12 mesos', 'price': 5.07, 'category': 'drinks', 'store_id': 'bonarea', 'quantity': '3 kg', 'id': 'a8934374-f735-4083-9838-c456291e2c8e', 'created_at': '2025-05-24T17:03:53.387151'}] count=None
[2025-05-24 20:03:54] ✅ Successfully inserted: Junior 2-12 mesos
[2025-05-24 20:03:54] Attempting to insert product: {'name': 'Pit de pollastre groc sencer', 'price': 4.54, 'category': 'drinks', 'store_id': 'bonarea', 'quantity': 'aprox. 693 g'}
[2025-05-24 20:03:54] Supabase Response: data=[{'name': 'Pit de pollastre groc sencer', 'price': 4.54, 'category': 'drinks', 'store_id': 'bonarea', 'quantity': 'aprox. 693 g', 'id': '30398dfc-200c-4efe-926d-2b9ed1533de2', 'created_at': '2025-05-24T17:03:53.663823'}] count=None
[2025-05-24 20:03:54] ✅ Successfully inserted: Pit de pollastre groc sencer
[2025-05-24 20:03:54] Attempting to insert product: {'name': 'Pernilets de pollastre groc', 'price': 3.64, 'category': 'drinks', 'store_id': 'bonarea', 'quantity': 'aprox. 1,0 kg'}
[2025-05-24 20:03:55] Supabase Response: data=[{'name': 'Pernilets de pollastre groc', 'price': 3.64, 'category': 'drinks', 'store_id': 'bonarea', 'quantity': 'aprox. 1,0 kg', 'id': 'be1339ae-1e19-4390-8f33-f36293520bc3', 'created_at': '2025-05-24T17:03:53.966046'}] count=None
[2025-05-24 20:03:55] ✅ Successfully inserted: Pernilets de pollastre groc
[2025-05-24 20:03:55] Attempting to insert product: {'name': 'Pit de pollastre blanc sencer', 'price': 4.68, 'category': 'drinks', 'store_id': 'bonarea', 'quantity': 'aprox. 715 g'}
[2025-05-24 20:03:55] Supabase Response: data=[{'name': 'Pit de pollastre blanc sencer', 'price': 4.68, 'category': 'drinks', 'store_id': 'bonarea', 'quantity': 'aprox. 715 g', 'id': '60203528-df96-4609-9319-1a0f1b75efe0', 'created_at': '2025-05-24T17:03:54.251895'}] count=None
[2025-05-24 20:03:55] ✅ Successfully inserted: Pit de pollastre blanc sencer
[2025-05-24 20:03:55] Attempting to insert product: {'name': 'Pernilets de pollastre blanc', 'price': 3.8, 'category': 'drinks', 'store_id': 'bonarea', 'quantity': 'aprox. 1,1 kg'}
[2025-05-24 20:03:55] Supabase Response: data=[{'name': 'Pernilets de pollastre blanc', 'price': 3.8, 'category': 'drinks', 'store_id': 'bonarea', 'quantity': 'aprox. 1,1 kg', 'id': '0d99d267-7249-4827-b69c-bb60aa2700a3', 'created_at': '2025-05-24T17:03:54.557626'}] count=None
[2025-05-24 20:03:55] ✅ Successfully inserted: Pernilets de pollastre blanc
[2025-05-24 20:03:55] Attempting to insert product: {'name': 'Pit de pollastre groc filetejat', 'price': 4.69, 'category': 'drinks', 'store_id': 'bonarea', 'quantity': 'aprox. 660 g'}
[2025-05-24 20:03:56] Supabase Response: data=[{'name': 'Pit de pollastre groc filetejat', 'price': 4.69, 'category': 'drinks', 'store_id': 'bonarea', 'quantity': 'aprox. 660 g', 'id': '2ba527f1-4ce7-4bbc-940a-6fa46f95c3c3', 'created_at': '2025-05-24T17:03:54.861362'}] count=None
[2025-05-24 20:03:56] ✅ Successfully inserted: Pit de pollastre groc filetejat
[2025-05-24 20:03:56] Attempting to insert product: {'name': 'Pit de pollastre sencer 65% cereals', 'price': 4.57, 'category': 'drinks', 'store_id': 'bonarea', 'quantity': 'aprox. 605 g'}
[2025-05-24 20:03:56] Supabase Response: data=[{'name': 'Pit de pollastre sencer 65% cereals', 'price': 4.57, 'category': 'drinks', 'store_id': 'bonarea', 'quantity': 'aprox. 605 g', 'id': '013b621d-cf7d-4da9-bb93-1d334a398326', 'created_at': '2025-05-24T17:03:55.126725'}] count=None
[2025-05-24 20:03:56] ✅ Successfully inserted: Pit de pollastre sencer 65% cereals
[2025-05-24 20:04:00] Attempting to insert product: {'name': 'Gaspatxo', 'price': 2.85, 'category': 'drinks', 'store_id': 'bonarea', 'quantity': '1 l'}
[2025-05-24 20:04:00] Supabase Response: data=[{'name': 'Gaspatxo', 'price': 2.85, 'category': 'drinks', 'store_id': 'bonarea', 'quantity': '1 l', 'id': '04284196-4417-424d-89dd-82a0945982ed', 'created_at': '2025-05-24T17:03:59.178741'}] count=None
[2025-05-24 20:04:00] ✅ Successfully inserted: Gaspatxo
[2025-05-24 20:04:00] Attempting to insert product: {'name': 'Salmorejo', 'price': 3.15, 'category': 'drinks', 'store_id': 'bonarea', 'quantity': '1 l'}
[2025-05-24 20:04:00] Supabase Response: data=[{'name': 'Salmorejo', 'price': 3.15, 'category': 'drinks', 'store_id': 'bonarea', 'quantity': '1 l', 'id': '18ad1e5b-4bfc-4cd4-a9bf-7b8fb053b66c', 'created_at': '2025-05-24T17:03:59.418947'}] count=None
[2025-05-24 20:04:00] ✅ Successfully inserted: Salmorejo
[2025-05-24 20:04:00] Attempting to insert product: {'name': 'Gaspatxo bric', 'price': 1.95, 'category': 'drinks', 'store_id': 'bonarea', 'quantity': '1 l'}
[2025-05-24 20:04:00] Supabase Response: data=[{'name': 'Gaspatxo bric', 'price': 1.95, 'category': 'drinks', 'store_id': 'bonarea', 'quantity': '1 l', 'id': '9e9b3eea-3419-47eb-ae7d-062cdcd1d99a', 'created_at': '2025-05-24T17:03:59.680742'}] count=None
[2025-05-24 20:04:00] ✅ Successfully inserted: Gaspatxo bric
[2025-05-24 20:04:00] Attempting to insert product: {'name': 'Salmorejo bric', 'price': 2.3, 'category': 'drinks', 'store_id': 'bonarea', 'quantity': '1 l'}
[2025-05-24 20:04:01] Supabase Response: data=[{'name': 'Salmorejo bric', 'price': 2.3, 'category': 'drinks', 'store_id': 'bonarea', 'quantity': '1 l', 'id': '432cae05-d8b9-412e-b9ee-8b5deb25dfe3', 'created_at': '2025-05-24T17:03:59.930537'}] count=None
[2025-05-24 20:04:01] ✅ Successfully inserted: Salmorejo bric
[2025-05-24 20:04:01] Attempting to insert product: {'name': 'Gaspatxo estil andalús', 'price': 1.1, 'category': 'drinks', 'store_id': 'bonarea', 'quantity': '300 g'}
[2025-05-24 20:04:01] Supabase Response: data=[{'name': 'Gaspatxo estil andalús', 'price': 1.1, 'category': 'drinks', 'store_id': 'bonarea', 'quantity': '300 g', 'id': 'd8db2ee8-e0fb-4863-ad13-9e4edee64b46', 'created_at': '2025-05-24T17:04:00.172336'}] count=None
[2025-05-24 20:04:01] ✅ Successfully inserted: Gaspatxo estil andalús
[2025-05-24 20:04:01] Attempting to insert product: {'name': 'Gaspatxo de maduixa', 'price': 1.25, 'category': 'drinks', 'store_id': 'bonarea', 'quantity': '300 g'}
[2025-05-24 20:04:01] Supabase Response: data=[{'name': 'Gaspatxo de maduixa', 'price': 1.25, 'category': 'drinks', 'store_id': 'bonarea', 'quantity': '300 g', 'id': '35bb911e-71d5-4627-9b35-82439234d7bf', 'created_at': '2025-05-24T17:04:00.454748'}] count=None
[2025-05-24 20:04:01] ✅ Successfully inserted: Gaspatxo de maduixa
[2025-05-24 20:04:01] Attempting to insert product: {'name': 'Hummus', 'price': 0.94, 'category': 'drinks', 'store_id': 'bonarea', 'quantity': '200 g'}
[2025-05-24 20:04:01] Supabase Response: data=[{'name': 'Hummus', 'price': 0.94, 'category': 'drinks', 'store_id': 'bonarea', 'quantity': '200 g', 'id': 'e90dad69-74a2-4cb7-9749-a7d72171462f', 'created_at': '2025-05-24T17:04:00.717406'}] count=None
[2025-05-24 20:04:01] ✅ Successfully inserted: Hummus
[2025-05-24 20:04:01] Attempting to insert product: {'name': 'Cap de llom filetejat a la planxa', 'price': 2.4, 'category': 'drinks', 'store_id': 'bonarea', 'quantity': 'aprox. 198 g'}
[2025-05-24 20:04:02] Supabase Response: data=[{'name': 'Cap de llom filetejat a la planxa', 'price': 2.4, 'category': 'drinks', 'store_id': 'bonarea', 'quantity': 'aprox. 198 g', 'id': '2d220271-a535-4f39-b264-0408269434aa', 'created_at': '2025-05-24T17:04:00.973359'}] count=None
[2025-05-24 20:04:02] ✅ Successfully inserted: Cap de llom filetejat a la planxa
[2025-05-24 20:04:02] Attempting to insert product: {'name': "Conill d'espatlla d'anoll", 'price': 16.91, 'category': 'drinks', 'store_id': 'bonarea', 'quantity': 'aprox. 1,6 kg'}
[2025-05-24 20:04:02] Supabase Response: data=[{'name': "Conill d'espatlla d'anoll", 'price': 16.91, 'category': 'drinks', 'store_id': 'bonarea', 'quantity': 'aprox. 1,6 kg', 'id': '5a3d234a-abc6-496d-959e-7fc6d93031c5', 'created_at': '2025-05-24T17:04:01.215607'}] count=None
[2025-05-24 20:04:02] ✅ Successfully inserted: Conill d'espatlla d'anoll
[2025-05-24 20:04:02] Attempting to insert product: {'name': "Jarret d'anoll", 'price': 22.76, 'category': 'drinks', 'store_id': 'bonarea', 'quantity': 'aprox. 2,0 kg'}
[2025-05-24 20:04:02] Supabase Response: data=[{'name': "Jarret d'anoll", 'price': 22.76, 'category': 'drinks', 'store_id': 'bonarea', 'quantity': 'aprox. 2,0 kg', 'id': '036a1f6f-f7c8-41f1-bba8-8a83238270fd', 'created_at': '2025-05-24T17:04:01.517167'}] count=None
[2025-05-24 20:04:02] ✅ Successfully inserted: Jarret d'anoll
[2025-05-24 20:04:02] Attempting to insert product: {'name': 'Mixt de bull negre i donegal', 'price': 1.1, 'category': 'drinks', 'store_id': 'bonarea', 'quantity': 'aprox. 143 g'}
[2025-05-24 20:04:03] Supabase Response: data=[{'name': 'Mixt de bull negre i donegal', 'price': 1.1, 'category': 'drinks', 'store_id': 'bonarea', 'quantity': 'aprox. 143 g', 'id': 'd79bf495-33e2-4975-b9da-39a76a525b8a', 'created_at': '2025-05-24T17:04:01.822415'}] count=None
[2025-05-24 20:04:03] ✅ Successfully inserted: Mixt de bull negre i donegal
[2025-05-24 20:04:03] Attempting to insert product: {'name': 'Càpsules Nescafé Dolce Gusto espresso intens', 'price': 4.25, 'category': 'drinks', 'store_id': 'bonarea', 'quantity': '16 u.'}
[2025-05-24 20:04:03] Supabase Response: data=[{'name': 'Càpsules Nescafé Dolce Gusto espresso intens', 'price': 4.25, 'category': 'drinks', 'store_id': 'bonarea', 'quantity': '16 u.', 'id': '46c75aef-04c6-4984-89ea-07d884a655bb', 'created_at': '2025-05-24T17:04:02.138703'}] count=None
[2025-05-24 20:04:03] ✅ Successfully inserted: Càpsules Nescafé Dolce Gusto espresso intens
[2025-05-24 20:04:03] Attempting to insert product: {'name': 'Salmó adults', 'price': 13.8, 'category': 'drinks', 'store_id': 'bonarea', 'quantity': '10 kg'}
[2025-05-24 20:04:03] Supabase Response: data=[{'name': 'Salmó adults', 'price': 13.8, 'category': 'drinks', 'store_id': 'bonarea', 'quantity': '10 kg', 'id': '87b73dab-8cca-4037-91e4-760d8dd47c3b', 'created_at': '2025-05-24T17:04:02.468711'}] count=None
[2025-05-24 20:04:03] ✅ Successfully inserted: Salmó adults
[2025-05-24 20:04:03] Attempting to insert product: {'name': 'Salmó adults', 'price': 4.44, 'category': 'drinks', 'store_id': 'bonarea', 'quantity': '3 kg'}
[2025-05-24 20:04:03] Supabase Response: data=[{'name': 'Salmó adults', 'price': 4.44, 'category': 'drinks', 'store_id': 'bonarea', 'quantity': '3 kg', 'id': '019de0ae-3086-4036-bcc6-abd4e112ec58', 'created_at': '2025-05-24T17:04:02.763118'}] count=None
[2025-05-24 20:04:03] ✅ Successfully inserted: Salmó adults
[2025-05-24 20:04:03] Attempting to insert product: {'name': 'Original adults', 'price': 13.6, 'category': 'drinks', 'store_id': 'bonarea', 'quantity': '10 kg'}
[2025-05-24 20:04:04] Supabase Response: data=[{'name': 'Original adults', 'price': 13.6, 'category': 'drinks', 'store_id': 'bonarea', 'quantity': '10 kg', 'id': '5b10b8e6-fb9e-4894-a76b-a6e33da1db80', 'created_at': '2025-05-24T17:04:03.013116'}] count=None
[2025-05-24 20:04:04] ✅ Successfully inserted: Original adults
[2025-05-24 20:04:04] Attempting to insert product: {'name': 'Original adults', 'price': 4.38, 'category': 'drinks', 'store_id': 'bonarea', 'quantity': '3 kg'}
[2025-05-24 20:04:04] Supabase Response: data=[{'name': 'Original adults', 'price': 4.38, 'category': 'drinks', 'store_id': 'bonarea', 'quantity': '3 kg', 'id': 'c207ddec-3fd7-49cf-baa1-50c8941913c9', 'created_at': '2025-05-24T17:04:03.301606'}] count=None
[2025-05-24 20:04:04] ✅ Successfully inserted: Original adults
[2025-05-24 20:04:04] Attempting to insert product: {'name': 'Junior 2-12 mesos', 'price': 15.9, 'category': 'drinks', 'store_id': 'bonarea', 'quantity': '10 kg'}
[2025-05-24 20:04:04] Supabase Response: data=[{'name': 'Junior 2-12 mesos', 'price': 15.9, 'category': 'drinks', 'store_id': 'bonarea', 'quantity': '10 kg', 'id': 'd42f09bb-f8c1-4edc-9337-0a51de1753e1', 'created_at': '2025-05-24T17:04:03.56864'}] count=None
[2025-05-24 20:04:04] ✅ Successfully inserted: Junior 2-12 mesos
[2025-05-24 20:04:04] Attempting to insert product: {'name': 'Junior 2-12 mesos', 'price': 5.07, 'category': 'drinks', 'store_id': 'bonarea', 'quantity': '3 kg'}
[2025-05-24 20:04:05] Supabase Response: data=[{'name': 'Junior 2-12 mesos', 'price': 5.07, 'category': 'drinks', 'store_id': 'bonarea', 'quantity': '3 kg', 'id': 'f0fc518e-cfa0-41a0-b3aa-61c49632b570', 'created_at': '2025-05-24T17:04:03.856'}] count=None
[2025-05-24 20:04:05] ✅ Successfully inserted: Junior 2-12 mesos
[2025-05-24 20:04:05] Attempting to insert product: {'name': 'Pit de pollastre groc sencer', 'price': 4.54, 'category': 'drinks', 'store_id': 'bonarea', 'quantity': 'aprox. 693 g'}
[2025-05-24 20:04:05] Supabase Response: data=[{'name': 'Pit de pollastre groc sencer', 'price': 4.54, 'category': 'drinks', 'store_id': 'bonarea', 'quantity': 'aprox. 693 g', 'id': '0eb2972f-4db2-4da3-bc81-a1ebdb24e731', 'created_at': '2025-05-24T17:04:04.190528'}] count=None
[2025-05-24 20:04:05] ✅ Successfully inserted: Pit de pollastre groc sencer
[2025-05-24 20:04:05] Attempting to insert product: {'name': 'Pernilets de pollastre groc', 'price': 3.64, 'category': 'drinks', 'store_id': 'bonarea', 'quantity': 'aprox. 1,0 kg'}
[2025-05-24 20:04:05] Supabase Response: data=[{'name': 'Pernilets de pollastre groc', 'price': 3.64, 'category': 'drinks', 'store_id': 'bonarea', 'quantity': 'aprox. 1,0 kg', 'id': '48a7b257-1d25-4d69-a714-be5c1edcb22f', 'created_at': '2025-05-24T17:04:04.511633'}] count=None
[2025-05-24 20:04:05] ✅ Successfully inserted: Pernilets de pollastre groc
[2025-05-24 20:04:05] Attempting to insert product: {'name': 'Pit de pollastre blanc sencer', 'price': 4.68, 'category': 'drinks', 'store_id': 'bonarea', 'quantity': 'aprox. 715 g'}
[2025-05-24 20:04:06] Supabase Response: data=[{'name': 'Pit de pollastre blanc sencer', 'price': 4.68, 'category': 'drinks', 'store_id': 'bonarea', 'quantity': 'aprox. 715 g', 'id': '71d6d6af-f51b-413e-8e06-5fb719a40005', 'created_at': '2025-05-24T17:04:04.811123'}] count=None
[2025-05-24 20:04:06] ✅ Successfully inserted: Pit de pollastre blanc sencer
[2025-05-24 20:04:06] Attempting to insert product: {'name': 'Pernilets de pollastre blanc', 'price': 3.8, 'category': 'drinks', 'store_id': 'bonarea', 'quantity': 'aprox. 1,1 kg'}
[2025-05-24 20:04:06] Supabase Response: data=[{'name': 'Pernilets de pollastre blanc', 'price': 3.8, 'category': 'drinks', 'store_id': 'bonarea', 'quantity': 'aprox. 1,1 kg', 'id': '42fa3383-cdde-4316-aa1e-d64a3faf3379', 'created_at': '2025-05-24T17:04:05.097047'}] count=None
[2025-05-24 20:04:06] ✅ Successfully inserted: Pernilets de pollastre blanc
[2025-05-24 20:04:06] Attempting to insert product: {'name': 'Pit de pollastre groc filetejat', 'price': 4.69, 'category': 'drinks', 'store_id': 'bonarea', 'quantity': 'aprox. 660 g'}
[2025-05-24 20:04:06] Supabase Response: data=[{'name': 'Pit de pollastre groc filetejat', 'price': 4.69, 'category': 'drinks', 'store_id': 'bonarea', 'quantity': 'aprox. 660 g', 'id': '7eeec963-7985-4684-9e4d-b44bd8831e9d', 'created_at': '2025-05-24T17:04:05.405209'}] count=None
[2025-05-24 20:04:06] ✅ Successfully inserted: Pit de pollastre groc filetejat
[2025-05-24 20:04:06] Attempting to insert product: {'name': 'Pit de pollastre sencer 65% cereals', 'price': 4.57, 'category': 'drinks', 'store_id': 'bonarea', 'quantity': 'aprox. 605 g'}
[2025-05-24 20:04:06] Supabase Response: data=[{'name': 'Pit de pollastre sencer 65% cereals', 'price': 4.57, 'category': 'drinks', 'store_id': 'bonarea', 'quantity': 'aprox. 605 g', 'id': 'b59038ad-4377-4147-bffb-a4c47bc8e2f0', 'created_at': '2025-05-24T17:04:05.717262'}] count=None
[2025-05-24 20:04:06] ✅ Successfully inserted: Pit de pollastre sencer 65% cereals
[2025-05-24 20:04:10] Attempting to insert product: {'name': 'Gaspatxo', 'price': 2.85, 'category': 'drinks', 'store_id': 'bonarea', 'quantity': '1 l'}
[2025-05-24 20:04:10] Supabase Response: data=[{'name': 'Gaspatxo', 'price': 2.85, 'category': 'drinks', 'store_id': 'bonarea', 'quantity': '1 l', 'id': '5947891e-1e34-45cf-b85d-6b2b80bdca26', 'created_at': '2025-05-24T17:04:09.776172'}] count=None
[2025-05-24 20:04:10] ✅ Successfully inserted: Gaspatxo
[2025-05-24 20:04:10] Attempting to insert product: {'name': 'Salmorejo', 'price': 3.15, 'category': 'drinks', 'store_id': 'bonarea', 'quantity': '1 l'}
[2025-05-24 20:04:11] Supabase Response: data=[{'name': 'Salmorejo', 'price': 3.15, 'category': 'drinks', 'store_id': 'bonarea', 'quantity': '1 l', 'id': '85e5f091-1738-4ddd-862a-3205ff53c8c7', 'created_at': '2025-05-24T17:04:10.034671'}] count=None
[2025-05-24 20:04:11] ✅ Successfully inserted: Salmorejo
[2025-05-24 20:04:11] Attempting to insert product: {'name': 'Gaspatxo bric', 'price': 1.95, 'category': 'drinks', 'store_id': 'bonarea', 'quantity': '1 l'}
[2025-05-24 20:04:11] Supabase Response: data=[{'name': 'Gaspatxo bric', 'price': 1.95, 'category': 'drinks', 'store_id': 'bonarea', 'quantity': '1 l', 'id': '71fc2b2a-5a15-4c9b-bde8-392118d7ca1b', 'created_at': '2025-05-24T17:04:10.282363'}] count=None
[2025-05-24 20:04:11] ✅ Successfully inserted: Gaspatxo bric
[2025-05-24 20:04:11] Attempting to insert product: {'name': 'Salmorejo bric', 'price': 2.3, 'category': 'drinks', 'store_id': 'bonarea', 'quantity': '1 l'}
[2025-05-24 20:04:11] Supabase Response: data=[{'name': 'Salmorejo bric', 'price': 2.3, 'category': 'drinks', 'store_id': 'bonarea', 'quantity': '1 l', 'id': 'b17ae5ff-94a1-4110-84b3-df62eda151bf', 'created_at': '2025-05-24T17:04:10.528537'}] count=None
[2025-05-24 20:04:11] ✅ Successfully inserted: Salmorejo bric
[2025-05-24 20:04:11] Attempting to insert product: {'name': 'Gaspatxo estil andalús', 'price': 1.1, 'category': 'drinks', 'store_id': 'bonarea', 'quantity': '300 g'}
[2025-05-24 20:04:11] Supabase Response: data=[{'name': 'Gaspatxo estil andalús', 'price': 1.1, 'category': 'drinks', 'store_id': 'bonarea', 'quantity': '300 g', 'id': '4a603de2-46ba-4adb-9307-129663192b4c', 'created_at': '2025-05-24T17:04:10.774281'}] count=None
[2025-05-24 20:04:11] ✅ Successfully inserted: Gaspatxo estil andalús
[2025-05-24 20:04:11] Attempting to insert product: {'name': 'Gaspatxo de maduixa', 'price': 1.25, 'category': 'drinks', 'store_id': 'bonarea', 'quantity': '300 g'}
[2025-05-24 20:04:12] Supabase Response: data=[{'name': 'Gaspatxo de maduixa', 'price': 1.25, 'category': 'drinks', 'store_id': 'bonarea', 'quantity': '300 g', 'id': 'b61f14d6-c9c6-43c0-9bdb-4a7f1df6dd7a', 'created_at': '2025-05-24T17:04:11.042973'}] count=None
[2025-05-24 20:04:12] ✅ Successfully inserted: Gaspatxo de maduixa
[2025-05-24 20:04:12] Attempting to insert product: {'name': 'Hummus', 'price': 0.94, 'category': 'drinks', 'store_id': 'bonarea', 'quantity': '200 g'}
[2025-05-24 20:04:12] Supabase Response: data=[{'name': 'Hummus', 'price': 0.94, 'category': 'drinks', 'store_id': 'bonarea', 'quantity': '200 g', 'id': 'd89a3232-3e2d-42dc-a2b3-36c6fc48d7a9', 'created_at': '2025-05-24T17:04:11.282161'}] count=None
[2025-05-24 20:04:12] ✅ Successfully inserted: Hummus
[2025-05-24 20:04:12] Attempting to insert product: {'name': 'Cap de llom filetejat a la planxa', 'price': 2.4, 'category': 'drinks', 'store_id': 'bonarea', 'quantity': 'aprox. 198 g'}
[2025-05-24 20:04:12] Supabase Response: data=[{'name': 'Cap de llom filetejat a la planxa', 'price': 2.4, 'category': 'drinks', 'store_id': 'bonarea', 'quantity': 'aprox. 198 g', 'id': '3ad55095-6c2c-46c5-b7e5-ade32c7bc83b', 'created_at': '2025-05-24T17:04:11.671875'}] count=None
[2025-05-24 20:04:12] ✅ Successfully inserted: Cap de llom filetejat a la planxa
[2025-05-24 20:04:12] Attempting to insert product: {'name': "Conill d'espatlla d'anoll", 'price': 16.91, 'category': 'drinks', 'store_id': 'bonarea', 'quantity': 'aprox. 1,6 kg'}
[2025-05-24 20:04:13] Supabase Response: data=[{'name': "Conill d'espatlla d'anoll", 'price': 16.91, 'category': 'drinks', 'store_id': 'bonarea', 'quantity': 'aprox. 1,6 kg', 'id': '0743c7bc-5c3f-4422-8261-7632f93c774b', 'created_at': '2025-05-24T17:04:11.968107'}] count=None
[2025-05-24 20:04:13] ✅ Successfully inserted: Conill d'espatlla d'anoll
[2025-05-24 20:04:13] Attempting to insert product: {'name': "Jarret d'anoll", 'price': 22.76, 'category': 'drinks', 'store_id': 'bonarea', 'quantity': 'aprox. 2,0 kg'}
[2025-05-24 20:04:13] Supabase Response: data=[{'name': "Jarret d'anoll", 'price': 22.76, 'category': 'drinks', 'store_id': 'bonarea', 'quantity': 'aprox. 2,0 kg', 'id': '2c63cd02-c157-4fda-ad57-c4c6d864ef31', 'created_at': '2025-05-24T17:04:12.225637'}] count=None
[2025-05-24 20:04:13] ✅ Successfully inserted: Jarret d'anoll
[2025-05-24 20:04:13] Attempting to insert product: {'name': 'Mixt de bull negre i donegal', 'price': 1.1, 'category': 'drinks', 'store_id': 'bonarea', 'quantity': 'aprox. 143 g'}
[2025-05-24 20:04:13] Supabase Response: data=[{'name': 'Mixt de bull negre i donegal', 'price': 1.1, 'category': 'drinks', 'store_id': 'bonarea', 'quantity': 'aprox. 143 g', 'id': '26cc9e85-c6a0-441d-9d09-a9add2fbe5ba', 'created_at': '2025-05-24T17:04:12.58181'}] count=None
[2025-05-24 20:04:13] ✅ Successfully inserted: Mixt de bull negre i donegal
[2025-05-24 20:04:13] Attempting to insert product: {'name': 'Càpsules Nescafé Dolce Gusto espresso intens', 'price': 4.25, 'category': 'drinks', 'store_id': 'bonarea', 'quantity': '16 u.'}
[2025-05-24 20:04:14] Supabase Response: data=[{'name': 'Càpsules Nescafé Dolce Gusto espresso intens', 'price': 4.25, 'category': 'drinks', 'store_id': 'bonarea', 'quantity': '16 u.', 'id': 'a9d202b1-88d1-4893-8d4e-0ae005af524d', 'created_at': '2025-05-24T17:04:12.886126'}] count=None
[2025-05-24 20:04:14] ✅ Successfully inserted: Càpsules Nescafé Dolce Gusto espresso intens
[2025-05-24 20:04:14] Attempting to insert product: {'name': 'Salmó adults', 'price': 13.8, 'category': 'drinks', 'store_id': 'bonarea', 'quantity': '10 kg'}
[2025-05-24 20:04:14] Supabase Response: data=[{'name': 'Salmó adults', 'price': 13.8, 'category': 'drinks', 'store_id': 'bonarea', 'quantity': '10 kg', 'id': '3915bb9c-0d75-4c87-9133-4fe91b2b4749', 'created_at': '2025-05-24T17:04:13.191825'}] count=None
[2025-05-24 20:04:14] ✅ Successfully inserted: Salmó adults
[2025-05-24 20:04:14] Attempting to insert product: {'name': 'Salmó adults', 'price': 4.44, 'category': 'drinks', 'store_id': 'bonarea', 'quantity': '3 kg'}
[2025-05-24 20:04:14] Supabase Response: data=[{'name': 'Salmó adults', 'price': 4.44, 'category': 'drinks', 'store_id': 'bonarea', 'quantity': '3 kg', 'id': '147aa480-9f13-4cba-90bb-05689d3e9548', 'created_at': '2025-05-24T17:04:13.479614'}] count=None
[2025-05-24 20:04:14] ✅ Successfully inserted: Salmó adults
[2025-05-24 20:04:14] Attempting to insert product: {'name': 'Original adults', 'price': 13.6, 'category': 'drinks', 'store_id': 'bonarea', 'quantity': '10 kg'}
[2025-05-24 20:04:14] Supabase Response: data=[{'name': 'Original adults', 'price': 13.6, 'category': 'drinks', 'store_id': 'bonarea', 'quantity': '10 kg', 'id': 'a6d07cff-aeec-4482-b6ab-895029ae88e3', 'created_at': '2025-05-24T17:04:13.740997'}] count=None
[2025-05-24 20:04:14] ✅ Successfully inserted: Original adults
[2025-05-24 20:04:14] Attempting to insert product: {'name': 'Original adults', 'price': 4.38, 'category': 'drinks', 'store_id': 'bonarea', 'quantity': '3 kg'}
[2025-05-24 20:04:15] Supabase Response: data=[{'name': 'Original adults', 'price': 4.38, 'category': 'drinks', 'store_id': 'bonarea', 'quantity': '3 kg', 'id': '3928ea11-f62d-407d-b151-53fa6e64e706', 'created_at': '2025-05-24T17:04:13.985858'}] count=None
[2025-05-24 20:04:15] ✅ Successfully inserted: Original adults
[2025-05-24 20:04:15] Attempting to insert product: {'name': 'Junior 2-12 mesos', 'price': 15.9, 'category': 'drinks', 'store_id': 'bonarea', 'quantity': '10 kg'}
[2025-05-24 20:04:15] Supabase Response: data=[{'name': 'Junior 2-12 mesos', 'price': 15.9, 'category': 'drinks', 'store_id': 'bonarea', 'quantity': '10 kg', 'id': '86de8383-1028-4b9c-a722-10452305464a', 'created_at': '2025-05-24T17:04:14.237883'}] count=None
[2025-05-24 20:04:15] ✅ Successfully inserted: Junior 2-12 mesos
[2025-05-24 20:04:15] Attempting to insert product: {'name': 'Junior 2-12 mesos', 'price': 5.07, 'category': 'drinks', 'store_id': 'bonarea', 'quantity': '3 kg'}
[2025-05-24 20:04:15] Supabase Response: data=[{'name': 'Junior 2-12 mesos', 'price': 5.07, 'category': 'drinks', 'store_id': 'bonarea', 'quantity': '3 kg', 'id': '1fe95edb-5909-4c47-ba5e-b9d37b64567f', 'created_at': '2025-05-24T17:04:14.482206'}] count=None
[2025-05-24 20:04:15] ✅ Successfully inserted: Junior 2-12 mesos
[2025-05-24 20:04:15] Attempting to insert product: {'name': 'Pit de pollastre groc sencer', 'price': 4.54, 'category': 'drinks', 'store_id': 'bonarea', 'quantity': 'aprox. 693 g'}
[2025-05-24 20:04:15] Supabase Response: data=[{'name': 'Pit de pollastre groc sencer', 'price': 4.54, 'category': 'drinks', 'store_id': 'bonarea', 'quantity': 'aprox. 693 g', 'id': 'a18d52c2-87a2-4cd4-857a-cc1778d268e1', 'created_at': '2025-05-24T17:04:14.73227'}] count=None
[2025-05-24 20:04:15] ✅ Successfully inserted: Pit de pollastre groc sencer
[2025-05-24 20:04:15] Attempting to insert product: {'name': 'Pernilets de pollastre groc', 'price': 3.64, 'category': 'drinks', 'store_id': 'bonarea', 'quantity': 'aprox. 1,0 kg'}
[2025-05-24 20:04:16] Supabase Response: data=[{'name': 'Pernilets de pollastre groc', 'price': 3.64, 'category': 'drinks', 'store_id': 'bonarea', 'quantity': 'aprox. 1,0 kg', 'id': '97503893-3216-497e-a6f9-8586ebec3543', 'created_at': '2025-05-24T17:04:14.977836'}] count=None
[2025-05-24 20:04:16] ✅ Successfully inserted: Pernilets de pollastre groc
[2025-05-24 20:04:16] Attempting to insert product: {'name': 'Pit de pollastre blanc sencer', 'price': 4.68, 'category': 'drinks', 'store_id': 'bonarea', 'quantity': 'aprox. 715 g'}
[2025-05-24 20:04:16] Supabase Response: data=[{'name': 'Pit de pollastre blanc sencer', 'price': 4.68, 'category': 'drinks', 'store_id': 'bonarea', 'quantity': 'aprox. 715 g', 'id': '5c1e9311-437c-4776-b735-cd33ac9987e4', 'created_at': '2025-05-24T17:04:15.220117'}] count=None
[2025-05-24 20:04:16] ✅ Successfully inserted: Pit de pollastre blanc sencer
[2025-05-24 20:04:16] Attempting to insert product: {'name': 'Pernilets de pollastre blanc', 'price': 3.8, 'category': 'drinks', 'store_id': 'bonarea', 'quantity': 'aprox. 1,1 kg'}
[2025-05-24 20:04:16] Supabase Response: data=[{'name': 'Pernilets de pollastre blanc', 'price': 3.8, 'category': 'drinks', 'store_id': 'bonarea', 'quantity': 'aprox. 1,1 kg', 'id': '103dd60f-d173-48ca-8c16-46c1e65ce506', 'created_at': '2025-05-24T17:04:15.486306'}] count=None
[2025-05-24 20:04:16] ✅ Successfully inserted: Pernilets de pollastre blanc
[2025-05-24 20:04:16] Attempting to insert product: {'name': 'Pit de pollastre groc filetejat', 'price': 4.69, 'category': 'drinks', 'store_id': 'bonarea', 'quantity': 'aprox. 660 g'}
[2025-05-24 20:04:17] Supabase Response: data=[{'name': 'Pit de pollastre groc filetejat', 'price': 4.69, 'category': 'drinks', 'store_id': 'bonarea', 'quantity': 'aprox. 660 g', 'id': '58e76502-dea1-4a30-aabd-9bc36d1740c1', 'created_at': '2025-05-24T17:04:15.86471'}] count=None
[2025-05-24 20:04:17] ✅ Successfully inserted: Pit de pollastre groc filetejat
[2025-05-24 20:04:17] Attempting to insert product: {'name': 'Pit de pollastre sencer 65% cereals', 'price': 4.57, 'category': 'drinks', 'store_id': 'bonarea', 'quantity': 'aprox. 605 g'}
[2025-05-24 20:04:17] Supabase Response: data=[{'name': 'Pit de pollastre sencer 65% cereals', 'price': 4.57, 'category': 'drinks', 'store_id': 'bonarea', 'quantity': 'aprox. 605 g', 'id': '660a5eab-1153-4b33-a3e7-89bc94907049', 'created_at': '2025-05-24T17:04:16.144248'}] count=None
[2025-05-24 20:04:17] ✅ Successfully inserted: Pit de pollastre sencer 65% cereals
[2025-05-24 20:04:21] Attempting to insert product: {'name': 'Gaspatxo', 'price': 2.85, 'category': 'drinks', 'store_id': 'bonarea', 'quantity': '1 l'}
[2025-05-24 20:04:21] Supabase Response: data=[{'name': 'Gaspatxo', 'price': 2.85, 'category': 'drinks', 'store_id': 'bonarea', 'quantity': '1 l', 'id': '39a1ac67-fd0a-44fa-b70e-6b1c03bb85ff', 'created_at': '2025-05-24T17:04:20.099201'}] count=None
[2025-05-24 20:04:21] ✅ Successfully inserted: Gaspatxo
[2025-05-24 20:04:21] Attempting to insert product: {'name': 'Salmorejo', 'price': 3.15, 'category': 'drinks', 'store_id': 'bonarea', 'quantity': '1 l'}
[2025-05-24 20:04:21] Supabase Response: data=[{'name': 'Salmorejo', 'price': 3.15, 'category': 'drinks', 'store_id': 'bonarea', 'quantity': '1 l', 'id': '1295207e-ac7c-496e-babf-3075120128bd', 'created_at': '2025-05-24T17:04:20.360261'}] count=None
[2025-05-24 20:04:21] ✅ Successfully inserted: Salmorejo
[2025-05-24 20:04:21] Attempting to insert product: {'name': 'Gaspatxo bric', 'price': 1.95, 'category': 'drinks', 'store_id': 'bonarea', 'quantity': '1 l'}
[2025-05-24 20:04:21] Supabase Response: data=[{'name': 'Gaspatxo bric', 'price': 1.95, 'category': 'drinks', 'store_id': 'bonarea', 'quantity': '1 l', 'id': 'a3bf5030-e193-4ab7-8ee5-c7a0783399ef', 'created_at': '2025-05-24T17:04:20.608165'}] count=None
[2025-05-24 20:04:21] ✅ Successfully inserted: Gaspatxo bric
[2025-05-24 20:04:21] Attempting to insert product: {'name': 'Salmorejo bric', 'price': 2.3, 'category': 'drinks', 'store_id': 'bonarea', 'quantity': '1 l'}
[2025-05-24 20:04:22] Supabase Response: data=[{'name': 'Salmorejo bric', 'price': 2.3, 'category': 'drinks', 'store_id': 'bonarea', 'quantity': '1 l', 'id': '5dea7cb8-f53c-4be0-a5f1-85f4fe0e68b8', 'created_at': '2025-05-24T17:04:20.850815'}] count=None
[2025-05-24 20:04:22] ✅ Successfully inserted: Salmorejo bric
[2025-05-24 20:04:22] Attempting to insert product: {'name': 'Gaspatxo estil andalús', 'price': 1.1, 'category': 'drinks', 'store_id': 'bonarea', 'quantity': '300 g'}
[2025-05-24 20:04:22] Supabase Response: data=[{'name': 'Gaspatxo estil andalús', 'price': 1.1, 'category': 'drinks', 'store_id': 'bonarea', 'quantity': '300 g', 'id': 'bc04e4fa-5624-424d-bf91-6334a7ef5dc2', 'created_at': '2025-05-24T17:04:21.139208'}] count=None
[2025-05-24 20:04:22] ✅ Successfully inserted: Gaspatxo estil andalús
[2025-05-24 20:04:22] Attempting to insert product: {'name': 'Gaspatxo de maduixa', 'price': 1.25, 'category': 'drinks', 'store_id': 'bonarea', 'quantity': '300 g'}
[2025-05-24 20:04:22] Supabase Response: data=[{'name': 'Gaspatxo de maduixa', 'price': 1.25, 'category': 'drinks', 'store_id': 'bonarea', 'quantity': '300 g', 'id': '972b1363-4a88-4f2f-8d66-6cfe3f86d34b', 'created_at': '2025-05-24T17:04:21.414559'}] count=None
[2025-05-24 20:04:22] ✅ Successfully inserted: Gaspatxo de maduixa
[2025-05-24 20:04:22] Attempting to insert product: {'name': 'Hummus', 'price': 0.94, 'category': 'drinks', 'store_id': 'bonarea', 'quantity': '200 g'}
[2025-05-24 20:04:22] Supabase Response: data=[{'name': 'Hummus', 'price': 0.94, 'category': 'drinks', 'store_id': 'bonarea', 'quantity': '200 g', 'id': '8d34c06c-4624-4282-b750-4c7c4b1e028f', 'created_at': '2025-05-24T17:04:21.689993'}] count=None
[2025-05-24 20:04:22] ✅ Successfully inserted: Hummus
[2025-05-24 20:04:22] Attempting to insert product: {'name': 'Cap de llom filetejat a la planxa', 'price': 2.4, 'category': 'drinks', 'store_id': 'bonarea', 'quantity': 'aprox. 198 g'}
[2025-05-24 20:04:23] Supabase Response: data=[{'name': 'Cap de llom filetejat a la planxa', 'price': 2.4, 'category': 'drinks', 'store_id': 'bonarea', 'quantity': 'aprox. 198 g', 'id': '7ee61fa0-4357-4e54-b60b-87d153759986', 'created_at': '2025-05-24T17:04:21.961457'}] count=None
[2025-05-24 20:04:23] ✅ Successfully inserted: Cap de llom filetejat a la planxa
[2025-05-24 20:04:23] Attempting to insert product: {'name': "Conill d'espatlla d'anoll", 'price': 16.91, 'category': 'drinks', 'store_id': 'bonarea', 'quantity': 'aprox. 1,6 kg'}
[2025-05-24 20:04:23] Supabase Response: data=[{'name': "Conill d'espatlla d'anoll", 'price': 16.91, 'category': 'drinks', 'store_id': 'bonarea', 'quantity': 'aprox. 1,6 kg', 'id': '91a5f90d-319d-487d-8454-2086b760c658', 'created_at': '2025-05-24T17:04:22.312531'}] count=None
[2025-05-24 20:04:23] ✅ Successfully inserted: Conill d'espatlla d'anoll
[2025-05-24 20:04:23] Attempting to insert product: {'name': "Jarret d'anoll", 'price': 22.76, 'category': 'drinks', 'store_id': 'bonarea', 'quantity': 'aprox. 2,0 kg'}
[2025-05-24 20:04:23] Supabase Response: data=[{'name': "Jarret d'anoll", 'price': 22.76, 'category': 'drinks', 'store_id': 'bonarea', 'quantity': 'aprox. 2,0 kg', 'id': 'd4aec0cb-3387-460f-8145-86822b3d656e', 'created_at': '2025-05-24T17:04:22.595566'}] count=None
[2025-05-24 20:04:23] ✅ Successfully inserted: Jarret d'anoll
[2025-05-24 20:04:23] Attempting to insert product: {'name': 'Mixt de bull negre i donegal', 'price': 1.1, 'category': 'drinks', 'store_id': 'bonarea', 'quantity': 'aprox. 143 g'}
[2025-05-24 20:04:24] Supabase Response: data=[{'name': 'Mixt de bull negre i donegal', 'price': 1.1, 'category': 'drinks', 'store_id': 'bonarea', 'quantity': 'aprox. 143 g', 'id': '6bae04a0-6b79-4244-8ae9-69a6d43cb589', 'created_at': '2025-05-24T17:04:22.844286'}] count=None
[2025-05-24 20:04:24] ✅ Successfully inserted: Mixt de bull negre i donegal
[2025-05-24 20:04:24] Attempting to insert product: {'name': 'Càpsules Nescafé Dolce Gusto espresso intens', 'price': 4.25, 'category': 'drinks', 'store_id': 'bonarea', 'quantity': '16 u.'}
[2025-05-24 20:04:24] Supabase Response: data=[{'name': 'Càpsules Nescafé Dolce Gusto espresso intens', 'price': 4.25, 'category': 'drinks', 'store_id': 'bonarea', 'quantity': '16 u.', 'id': '621d490b-1646-4b67-baed-e11ffe901f7d', 'created_at': '2025-05-24T17:04:23.150044'}] count=None
[2025-05-24 20:04:24] ✅ Successfully inserted: Càpsules Nescafé Dolce Gusto espresso intens
[2025-05-24 20:04:24] Attempting to insert product: {'name': 'Salmó adults', 'price': 13.8, 'category': 'drinks', 'store_id': 'bonarea', 'quantity': '10 kg'}
[2025-05-24 20:04:24] Supabase Response: data=[{'name': 'Salmó adults', 'price': 13.8, 'category': 'drinks', 'store_id': 'bonarea', 'quantity': '10 kg', 'id': '3f02d082-f330-407f-a76b-9cbabfa6bb2b', 'created_at': '2025-05-24T17:04:23.45806'}] count=None
[2025-05-24 20:04:24] ✅ Successfully inserted: Salmó adults
[2025-05-24 20:04:24] Attempting to insert product: {'name': 'Salmó adults', 'price': 4.44, 'category': 'drinks', 'store_id': 'bonarea', 'quantity': '3 kg'}
[2025-05-24 20:04:24] Supabase Response: data=[{'name': 'Salmó adults', 'price': 4.44, 'category': 'drinks', 'store_id': 'bonarea', 'quantity': '3 kg', 'id': '31ed543e-3839-4ba6-9132-f3c05cacd6da', 'created_at': '2025-05-24T17:04:23.759274'}] count=None
[2025-05-24 20:04:24] ✅ Successfully inserted: Salmó adults
[2025-05-24 20:04:24] Attempting to insert product: {'name': 'Original adults', 'price': 13.6, 'category': 'drinks', 'store_id': 'bonarea', 'quantity': '10 kg'}
[2025-05-24 20:04:25] Supabase Response: data=[{'name': 'Original adults', 'price': 13.6, 'category': 'drinks', 'store_id': 'bonarea', 'quantity': '10 kg', 'id': '00a12ec5-9285-4d27-b60b-d02b897d8f65', 'created_at': '2025-05-24T17:04:24.02232'}] count=None
[2025-05-24 20:04:25] ✅ Successfully inserted: Original adults
[2025-05-24 20:04:25] Attempting to insert product: {'name': 'Original adults', 'price': 4.38, 'category': 'drinks', 'store_id': 'bonarea', 'quantity': '3 kg'}
[2025-05-24 20:04:25] Supabase Response: data=[{'name': 'Original adults', 'price': 4.38, 'category': 'drinks', 'store_id': 'bonarea', 'quantity': '3 kg', 'id': '0392532c-7c2d-47c0-8c3c-2390e9574f38', 'created_at': '2025-05-24T17:04:24.298225'}] count=None
[2025-05-24 20:04:25] ✅ Successfully inserted: Original adults
[2025-05-24 20:04:25] Attempting to insert product: {'name': 'Junior 2-12 mesos', 'price': 15.9, 'category': 'drinks', 'store_id': 'bonarea', 'quantity': '10 kg'}
[2025-05-24 20:04:25] Supabase Response: data=[{'name': 'Junior 2-12 mesos', 'price': 15.9, 'category': 'drinks', 'store_id': 'bonarea', 'quantity': '10 kg', 'id': '505a8b12-df7c-4eb5-9ed7-b4002c924681', 'created_at': '2025-05-24T17:04:24.562186'}] count=None
[2025-05-24 20:04:25] ✅ Successfully inserted: Junior 2-12 mesos
[2025-05-24 20:04:25] Attempting to insert product: {'name': 'Junior 2-12 mesos', 'price': 5.07, 'category': 'drinks', 'store_id': 'bonarea', 'quantity': '3 kg'}
[2025-05-24 20:04:26] Supabase Response: data=[{'name': 'Junior 2-12 mesos', 'price': 5.07, 'category': 'drinks', 'store_id': 'bonarea', 'quantity': '3 kg', 'id': '6530a3ca-165a-4d76-b77d-d204609b46ba', 'created_at': '2025-05-24T17:04:24.889016'}] count=None
[2025-05-24 20:04:26] ✅ Successfully inserted: Junior 2-12 mesos
[2025-05-24 20:04:26] Attempting to insert product: {'name': 'Pit de pollastre groc sencer', 'price': 4.54, 'category': 'drinks', 'store_id': 'bonarea', 'quantity': 'aprox. 693 g'}
[2025-05-24 20:04:26] Supabase Response: data=[{'name': 'Pit de pollastre groc sencer', 'price': 4.54, 'category': 'drinks', 'store_id': 'bonarea', 'quantity': 'aprox. 693 g', 'id': '1f48f450-6b61-405a-879e-9af6668b9c1b', 'created_at': '2025-05-24T17:04:25.172577'}] count=None
[2025-05-24 20:04:26] ✅ Successfully inserted: Pit de pollastre groc sencer
[2025-05-24 20:04:26] Attempting to insert product: {'name': 'Pernilets de pollastre groc', 'price': 3.64, 'category': 'drinks', 'store_id': 'bonarea', 'quantity': 'aprox. 1,0 kg'}
[2025-05-24 20:04:26] Supabase Response: data=[{'name': 'Pernilets de pollastre groc', 'price': 3.64, 'category': 'drinks', 'store_id': 'bonarea', 'quantity': 'aprox. 1,0 kg', 'id': '13466f42-31a8-4c3f-8477-25bb28413464', 'created_at': '2025-05-24T17:04:25.42749'}] count=None
[2025-05-24 20:04:26] ✅ Successfully inserted: Pernilets de pollastre groc
[2025-05-24 20:04:26] Attempting to insert product: {'name': 'Pit de pollastre blanc sencer', 'price': 4.68, 'category': 'drinks', 'store_id': 'bonarea', 'quantity': 'aprox. 715 g'}
[2025-05-24 20:04:26] Supabase Response: data=[{'name': 'Pit de pollastre blanc sencer', 'price': 4.68, 'category': 'drinks', 'store_id': 'bonarea', 'quantity': 'aprox. 715 g', 'id': 'a41573c3-b8e9-4b13-a677-3b6521cee1c9', 'created_at': '2025-05-24T17:04:25.768327'}] count=None
[2025-05-24 20:04:26] ✅ Successfully inserted: Pit de pollastre blanc sencer
[2025-05-24 20:04:26] Attempting to insert product: {'name': 'Pernilets de pollastre blanc', 'price': 3.8, 'category': 'drinks', 'store_id': 'bonarea', 'quantity': 'aprox. 1,1 kg'}
[2025-05-24 20:04:27] Supabase Response: data=[{'name': 'Pernilets de pollastre blanc', 'price': 3.8, 'category': 'drinks', 'store_id': 'bonarea', 'quantity': 'aprox. 1,1 kg', 'id': '05e43264-2553-4cc4-a277-13a0b0b177df', 'created_at': '2025-05-24T17:04:26.01605'}] count=None
[2025-05-24 20:04:27] ✅ Successfully inserted: Pernilets de pollastre blanc
[2025-05-24 20:04:27] Attempting to insert product: {'name': 'Pit de pollastre groc filetejat', 'price': 4.69, 'category': 'drinks', 'store_id': 'bonarea', 'quantity': 'aprox. 660 g'}
[2025-05-24 20:04:27] Supabase Response: data=[{'name': 'Pit de pollastre groc filetejat', 'price': 4.69, 'category': 'drinks', 'store_id': 'bonarea', 'quantity': 'aprox. 660 g', 'id': '8e795591-f254-48a0-9ca1-70606808ca80', 'created_at': '2025-05-24T17:04:26.286836'}] count=None
[2025-05-24 20:04:27] ✅ Successfully inserted: Pit de pollastre groc filetejat
[2025-05-24 20:04:27] Attempting to insert product: {'name': 'Pit de pollastre sencer 65% cereals', 'price': 4.57, 'category': 'drinks', 'store_id': 'bonarea', 'quantity': 'aprox. 605 g'}
[2025-05-24 20:04:27] Supabase Response: data=[{'name': 'Pit de pollastre sencer 65% cereals', 'price': 4.57, 'category': 'drinks', 'store_id': 'bonarea', 'quantity': 'aprox. 605 g', 'id': 'adede12f-73e7-4da1-afd1-5e678a356d59', 'created_at': '2025-05-24T17:04:26.553423'}] count=None
[2025-05-24 20:04:27] ✅ Successfully inserted: Pit de pollastre sencer 65% cereals
[2025-05-24 20:04:31] Attempting to insert product: {'name': 'Gaspatxo', 'price': 2.85, 'category': 'drinks', 'store_id': 'bonarea', 'quantity': '1 l'}
[2025-05-24 20:04:31] Supabase Response: data=[{'name': 'Gaspatxo', 'price': 2.85, 'category': 'drinks', 'store_id': 'bonarea', 'quantity': '1 l', 'id': '1326b706-0ed0-4fe0-b196-fa13047bb2e7', 'created_at': '2025-05-24T17:04:30.54302'}] count=None
[2025-05-24 20:04:31] ✅ Successfully inserted: Gaspatxo
[2025-05-24 20:04:31] Attempting to insert product: {'name': 'Salmorejo', 'price': 3.15, 'category': 'drinks', 'store_id': 'bonarea', 'quantity': '1 l'}
[2025-05-24 20:04:31] Supabase Response: data=[{'name': 'Salmorejo', 'price': 3.15, 'category': 'drinks', 'store_id': 'bonarea', 'quantity': '1 l', 'id': '34f0ba40-4f1a-4ebd-bdc6-ae2100df735e', 'created_at': '2025-05-24T17:04:30.797209'}] count=None
[2025-05-24 20:04:31] ✅ Successfully inserted: Salmorejo
[2025-05-24 20:04:31] Attempting to insert product: {'name': 'Gaspatxo bric', 'price': 1.95, 'category': 'drinks', 'store_id': 'bonarea', 'quantity': '1 l'}
[2025-05-24 20:04:32] Supabase Response: data=[{'name': 'Gaspatxo bric', 'price': 1.95, 'category': 'drinks', 'store_id': 'bonarea', 'quantity': '1 l', 'id': 'e18873c8-579b-41f6-82fd-ba6fe51eefc1', 'created_at': '2025-05-24T17:04:31.045353'}] count=None
[2025-05-24 20:04:32] ✅ Successfully inserted: Gaspatxo bric
[2025-05-24 20:04:32] Attempting to insert product: {'name': 'Salmorejo bric', 'price': 2.3, 'category': 'drinks', 'store_id': 'bonarea', 'quantity': '1 l'}
[2025-05-24 20:04:32] Supabase Response: data=[{'name': 'Salmorejo bric', 'price': 2.3, 'category': 'drinks', 'store_id': 'bonarea', 'quantity': '1 l', 'id': '19058f2b-d36b-4458-bc3a-2885eba4d163', 'created_at': '2025-05-24T17:04:31.291061'}] count=None
[2025-05-24 20:04:32] ✅ Successfully inserted: Salmorejo bric
[2025-05-24 20:04:32] Attempting to insert product: {'name': 'Gaspatxo estil andalús', 'price': 1.1, 'category': 'drinks', 'store_id': 'bonarea', 'quantity': '300 g'}
[2025-05-24 20:04:32] Supabase Response: data=[{'name': 'Gaspatxo estil andalús', 'price': 1.1, 'category': 'drinks', 'store_id': 'bonarea', 'quantity': '300 g', 'id': 'dc43e980-b61c-4606-a2d3-f3fb3a37b899', 'created_at': '2025-05-24T17:04:31.544495'}] count=None
[2025-05-24 20:04:32] ✅ Successfully inserted: Gaspatxo estil andalús
[2025-05-24 20:04:32] Attempting to insert product: {'name': 'Gaspatxo de maduixa', 'price': 1.25, 'category': 'drinks', 'store_id': 'bonarea', 'quantity': '300 g'}
[2025-05-24 20:04:32] Supabase Response: data=[{'name': 'Gaspatxo de maduixa', 'price': 1.25, 'category': 'drinks', 'store_id': 'bonarea', 'quantity': '300 g', 'id': '9e874035-c624-4068-bb06-b9415a150edf', 'created_at': '2025-05-24T17:04:31.802721'}] count=None
[2025-05-24 20:04:32] ✅ Successfully inserted: Gaspatxo de maduixa
[2025-05-24 20:04:32] Attempting to insert product: {'name': 'Hummus', 'price': 0.94, 'category': 'drinks', 'store_id': 'bonarea', 'quantity': '200 g'}
[2025-05-24 20:04:33] Supabase Response: data=[{'name': 'Hummus', 'price': 0.94, 'category': 'drinks', 'store_id': 'bonarea', 'quantity': '200 g', 'id': '4271f88d-13d7-4055-b4ca-a6d51b004acd', 'created_at': '2025-05-24T17:04:32.05174'}] count=None
[2025-05-24 20:04:33] ✅ Successfully inserted: Hummus
[2025-05-24 20:04:33] Attempting to insert product: {'name': 'Cap de llom filetejat a la planxa', 'price': 2.4, 'category': 'drinks', 'store_id': 'bonarea', 'quantity': 'aprox. 198 g'}
[2025-05-24 20:04:33] Supabase Response: data=[{'name': 'Cap de llom filetejat a la planxa', 'price': 2.4, 'category': 'drinks', 'store_id': 'bonarea', 'quantity': 'aprox. 198 g', 'id': '7f66e566-a22f-423a-84bc-a921396bfb7d', 'created_at': '2025-05-24T17:04:32.339927'}] count=None
[2025-05-24 20:04:33] ✅ Successfully inserted: Cap de llom filetejat a la planxa
[2025-05-24 20:04:33] Attempting to insert product: {'name': "Conill d'espatlla d'anoll", 'price': 16.91, 'category': 'drinks', 'store_id': 'bonarea', 'quantity': 'aprox. 1,6 kg'}
[2025-05-24 20:04:33] Supabase Response: data=[{'name': "Conill d'espatlla d'anoll", 'price': 16.91, 'category': 'drinks', 'store_id': 'bonarea', 'quantity': 'aprox. 1,6 kg', 'id': '0182a56c-b376-40ad-b368-bd66af538de8', 'created_at': '2025-05-24T17:04:32.601035'}] count=None
[2025-05-24 20:04:33] ✅ Successfully inserted: Conill d'espatlla d'anoll
[2025-05-24 20:04:33] Attempting to insert product: {'name': "Jarret d'anoll", 'price': 22.76, 'category': 'drinks', 'store_id': 'bonarea', 'quantity': 'aprox. 2,0 kg'}
[2025-05-24 20:04:34] Supabase Response: data=[{'name': "Jarret d'anoll", 'price': 22.76, 'category': 'drinks', 'store_id': 'bonarea', 'quantity': 'aprox. 2,0 kg', 'id': '6aae3ac9-3927-4ade-8c13-d07a159c1dda', 'created_at': '2025-05-24T17:04:32.873787'}] count=None
[2025-05-24 20:04:34] ✅ Successfully inserted: Jarret d'anoll
[2025-05-24 20:04:34] Attempting to insert product: {'name': 'Mixt de bull negre i donegal', 'price': 1.1, 'category': 'drinks', 'store_id': 'bonarea', 'quantity': 'aprox. 143 g'}
[2025-05-24 20:04:34] Supabase Response: data=[{'name': 'Mixt de bull negre i donegal', 'price': 1.1, 'category': 'drinks', 'store_id': 'bonarea', 'quantity': 'aprox. 143 g', 'id': '3132e175-6a1b-400e-95da-8b2b51f23247', 'created_at': '2025-05-24T17:04:33.1667'}] count=None
[2025-05-24 20:04:34] ✅ Successfully inserted: Mixt de bull negre i donegal
[2025-05-24 20:04:34] Attempting to insert product: {'name': 'Càpsules Nescafé Dolce Gusto espresso intens', 'price': 4.25, 'category': 'drinks', 'store_id': 'bonarea', 'quantity': '16 u.'}
[2025-05-24 20:04:34] Supabase Response: data=[{'name': 'Càpsules Nescafé Dolce Gusto espresso intens', 'price': 4.25, 'category': 'drinks', 'store_id': 'bonarea', 'quantity': '16 u.', 'id': 'ca3ecbc8-04c0-435a-8d9f-d8c8bc7f6f38', 'created_at': '2025-05-24T17:04:33.479496'}] count=None
[2025-05-24 20:04:34] ✅ Successfully inserted: Càpsules Nescafé Dolce Gusto espresso intens
[2025-05-24 20:04:34] Attempting to insert product: {'name': 'Salmó adults', 'price': 13.8, 'category': 'drinks', 'store_id': 'bonarea', 'quantity': '10 kg'}
[2025-05-24 20:04:34] Supabase Response: data=[{'name': 'Salmó adults', 'price': 13.8, 'category': 'drinks', 'store_id': 'bonarea', 'quantity': '10 kg', 'id': 'd28de549-6a92-4c5e-bbe1-2ee20f10dee7', 'created_at': '2025-05-24T17:04:33.77586'}] count=None
[2025-05-24 20:04:34] ✅ Successfully inserted: Salmó adults
[2025-05-24 20:04:35] Attempting to insert product: {'name': 'Salmó adults', 'price': 4.44, 'category': 'drinks', 'store_id': 'bonarea', 'quantity': '3 kg'}
[2025-05-24 20:04:35] Supabase Response: data=[{'name': 'Salmó adults', 'price': 4.44, 'category': 'drinks', 'store_id': 'bonarea', 'quantity': '3 kg', 'id': '8c914998-805c-4984-ba69-d373c1954528', 'created_at': '2025-05-24T17:04:34.086103'}] count=None
[2025-05-24 20:04:35] ✅ Successfully inserted: Salmó adults
[2025-05-24 20:04:35] Attempting to insert product: {'name': 'Original adults', 'price': 13.6, 'category': 'drinks', 'store_id': 'bonarea', 'quantity': '10 kg'}
[2025-05-24 20:04:35] Supabase Response: data=[{'name': 'Original adults', 'price': 13.6, 'category': 'drinks', 'store_id': 'bonarea', 'quantity': '10 kg', 'id': 'ba62fc4d-3393-45e5-a1bd-460c891c9c33', 'created_at': '2025-05-24T17:04:34.345646'}] count=None
[2025-05-24 20:04:35] ✅ Successfully inserted: Original adults
[2025-05-24 20:04:35] Attempting to insert product: {'name': 'Original adults', 'price': 4.38, 'category': 'drinks', 'store_id': 'bonarea', 'quantity': '3 kg'}
[2025-05-24 20:04:35] Supabase Response: data=[{'name': 'Original adults', 'price': 4.38, 'category': 'drinks', 'store_id': 'bonarea', 'quantity': '3 kg', 'id': '438f299c-6498-41ce-a86b-6c8b7adf8593', 'created_at': '2025-05-24T17:04:34.619003'}] count=None
[2025-05-24 20:04:35] ✅ Successfully inserted: Original adults
[2025-05-24 20:04:35] Attempting to insert product: {'name': 'Junior 2-12 mesos', 'price': 15.9, 'category': 'drinks', 'store_id': 'bonarea', 'quantity': '10 kg'}
[2025-05-24 20:04:36] Supabase Response: data=[{'name': 'Junior 2-12 mesos', 'price': 15.9, 'category': 'drinks', 'store_id': 'bonarea', 'quantity': '10 kg', 'id': '9a446469-9aac-4b48-8476-6cd1d5f159d7', 'created_at': '2025-05-24T17:04:34.864788'}] count=None
[2025-05-24 20:04:36] ✅ Successfully inserted: Junior 2-12 mesos
[2025-05-24 20:04:36] Attempting to insert product: {'name': 'Junior 2-12 mesos', 'price': 5.07, 'category': 'drinks', 'store_id': 'bonarea', 'quantity': '3 kg'}
[2025-05-24 20:04:36] Supabase Response: data=[{'name': 'Junior 2-12 mesos', 'price': 5.07, 'category': 'drinks', 'store_id': 'bonarea', 'quantity': '3 kg', 'id': '8f0e6508-fdf6-466e-a994-1d8e7ba9ad56', 'created_at': '2025-05-24T17:04:35.136469'}] count=None
[2025-05-24 20:04:36] ✅ Successfully inserted: Junior 2-12 mesos
[2025-05-24 20:04:36] Attempting to insert product: {'name': 'Pit de pollastre groc sencer', 'price': 4.54, 'category': 'drinks', 'store_id': 'bonarea', 'quantity': 'aprox. 693 g'}
[2025-05-24 20:04:36] Supabase Response: data=[{'name': 'Pit de pollastre groc sencer', 'price': 4.54, 'category': 'drinks', 'store_id': 'bonarea', 'quantity': 'aprox. 693 g', 'id': 'ca5d20fa-3729-4c2f-a11e-43b839949d7f', 'created_at': '2025-05-24T17:04:35.382753'}] count=None
[2025-05-24 20:04:36] ✅ Successfully inserted: Pit de pollastre groc sencer
[2025-05-24 20:04:36] Attempting to insert product: {'name': 'Pernilets de pollastre groc', 'price': 3.64, 'category': 'drinks', 'store_id': 'bonarea', 'quantity': 'aprox. 1,0 kg'}
[2025-05-24 20:04:36] Supabase Response: data=[{'name': 'Pernilets de pollastre groc', 'price': 3.64, 'category': 'drinks', 'store_id': 'bonarea', 'quantity': 'aprox. 1,0 kg', 'id': '9f5e7d50-5f2e-401f-8c19-920a403c2d56', 'created_at': '2025-05-24T17:04:35.641427'}] count=None
[2025-05-24 20:04:36] ✅ Successfully inserted: Pernilets de pollastre groc
[2025-05-24 20:04:36] Attempting to insert product: {'name': 'Pit de pollastre blanc sencer', 'price': 4.68, 'category': 'drinks', 'store_id': 'bonarea', 'quantity': 'aprox. 715 g'}
[2025-05-24 20:04:37] Supabase Response: data=[{'name': 'Pit de pollastre blanc sencer', 'price': 4.68, 'category': 'drinks', 'store_id': 'bonarea', 'quantity': 'aprox. 715 g', 'id': '092248e8-a856-4a57-ac21-fd88719104d6', 'created_at': '2025-05-24T17:04:35.915901'}] count=None
[2025-05-24 20:04:37] ✅ Successfully inserted: Pit de pollastre blanc sencer
[2025-05-24 20:04:37] Attempting to insert product: {'name': 'Pernilets de pollastre blanc', 'price': 3.8, 'category': 'drinks', 'store_id': 'bonarea', 'quantity': 'aprox. 1,1 kg'}
[2025-05-24 20:04:37] Supabase Response: data=[{'name': 'Pernilets de pollastre blanc', 'price': 3.8, 'category': 'drinks', 'store_id': 'bonarea', 'quantity': 'aprox. 1,1 kg', 'id': 'a17c3454-c5a2-440e-890e-cf5c6ab48c64', 'created_at': '2025-05-24T17:04:36.179518'}] count=None
[2025-05-24 20:04:37] ✅ Successfully inserted: Pernilets de pollastre blanc
[2025-05-24 20:04:37] Attempting to insert product: {'name': 'Pit de pollastre groc filetejat', 'price': 4.69, 'category': 'drinks', 'store_id': 'bonarea', 'quantity': 'aprox. 660 g'}
[2025-05-24 20:04:37] Supabase Response: data=[{'name': 'Pit de pollastre groc filetejat', 'price': 4.69, 'category': 'drinks', 'store_id': 'bonarea', 'quantity': 'aprox. 660 g', 'id': 'd1036b6e-4481-4d46-8ec6-08ebc5cc1b48', 'created_at': '2025-05-24T17:04:36.425421'}] count=None
[2025-05-24 20:04:37] ✅ Successfully inserted: Pit de pollastre groc filetejat
[2025-05-24 20:04:37] Attempting to insert product: {'name': 'Pit de pollastre sencer 65% cereals', 'price': 4.57, 'category': 'drinks', 'store_id': 'bonarea', 'quantity': 'aprox. 605 g'}
[2025-05-24 20:04:37] Supabase Response: data=[{'name': 'Pit de pollastre sencer 65% cereals', 'price': 4.57, 'category': 'drinks', 'store_id': 'bonarea', 'quantity': 'aprox. 605 g', 'id': '1945779f-2c3b-4297-b2ac-929485c1191b', 'created_at': '2025-05-24T17:04:36.696012'}] count=None
[2025-05-24 20:04:37] ✅ Successfully inserted: Pit de pollastre sencer 65% cereals
[2025-05-24 20:04:41] Attempting to insert product: {'name': 'Gaspatxo', 'price': 2.85, 'category': 'drinks', 'store_id': 'bonarea', 'quantity': '1 l'}
[2025-05-24 20:04:41] Supabase Response: data=[{'name': 'Gaspatxo', 'price': 2.85, 'category': 'drinks', 'store_id': 'bonarea', 'quantity': '1 l', 'id': '673158e3-05f2-4d4f-8adf-ecec11dd8812', 'created_at': '2025-05-24T17:04:40.709079'}] count=None
[2025-05-24 20:04:41] ✅ Successfully inserted: Gaspatxo
[2025-05-24 20:04:41] Attempting to insert product: {'name': 'Salmorejo', 'price': 3.15, 'category': 'drinks', 'store_id': 'bonarea', 'quantity': '1 l'}
[2025-05-24 20:04:42] Supabase Response: data=[{'name': 'Salmorejo', 'price': 3.15, 'category': 'drinks', 'store_id': 'bonarea', 'quantity': '1 l', 'id': 'a895e6fe-5628-442b-8993-3bf49dedfa69', 'created_at': '2025-05-24T17:04:40.956087'}] count=None
[2025-05-24 20:04:42] ✅ Successfully inserted: Salmorejo
[2025-05-24 20:04:42] Attempting to insert product: {'name': 'Gaspatxo bric', 'price': 1.95, 'category': 'drinks', 'store_id': 'bonarea', 'quantity': '1 l'}
[2025-05-24 20:04:42] Supabase Response: data=[{'name': 'Gaspatxo bric', 'price': 1.95, 'category': 'drinks', 'store_id': 'bonarea', 'quantity': '1 l', 'id': '984a7f67-1fa4-4d4b-bc5c-abe36e885f61', 'created_at': '2025-05-24T17:04:41.215391'}] count=None
[2025-05-24 20:04:42] ✅ Successfully inserted: Gaspatxo bric
[2025-05-24 20:04:42] Attempting to insert product: {'name': 'Salmorejo bric', 'price': 2.3, 'category': 'drinks', 'store_id': 'bonarea', 'quantity': '1 l'}
[2025-05-24 20:04:42] Supabase Response: data=[{'name': 'Salmorejo bric', 'price': 2.3, 'category': 'drinks', 'store_id': 'bonarea', 'quantity': '1 l', 'id': '974e381b-dd92-492e-81b6-9a74deec94a3', 'created_at': '2025-05-24T17:04:41.467925'}] count=None
[2025-05-24 20:04:42] ✅ Successfully inserted: Salmorejo bric
[2025-05-24 20:04:42] Attempting to insert product: {'name': 'Gaspatxo estil andalús', 'price': 1.1, 'category': 'drinks', 'store_id': 'bonarea', 'quantity': '300 g'}
[2025-05-24 20:04:42] Supabase Response: data=[{'name': 'Gaspatxo estil andalús', 'price': 1.1, 'category': 'drinks', 'store_id': 'bonarea', 'quantity': '300 g', 'id': '95d6947a-5848-4571-b112-39b25632b830', 'created_at': '2025-05-24T17:04:41.743866'}] count=None
[2025-05-24 20:04:42] ✅ Successfully inserted: Gaspatxo estil andalús
[2025-05-24 20:04:42] Attempting to insert product: {'name': 'Gaspatxo de maduixa', 'price': 1.25, 'category': 'drinks', 'store_id': 'bonarea', 'quantity': '300 g'}
[2025-05-24 20:04:43] Supabase Response: data=[{'name': 'Gaspatxo de maduixa', 'price': 1.25, 'category': 'drinks', 'store_id': 'bonarea', 'quantity': '300 g', 'id': '2c35ca47-64ef-4dde-bb22-6b36c457b862', 'created_at': '2025-05-24T17:04:42.019755'}] count=None
[2025-05-24 20:04:43] ✅ Successfully inserted: Gaspatxo de maduixa
[2025-05-24 20:04:43] Attempting to insert product: {'name': 'Hummus', 'price': 0.94, 'category': 'drinks', 'store_id': 'bonarea', 'quantity': '200 g'}
[2025-05-24 20:04:43] Supabase Response: data=[{'name': 'Hummus', 'price': 0.94, 'category': 'drinks', 'store_id': 'bonarea', 'quantity': '200 g', 'id': '741f3688-ddfc-4ad7-b284-1bf49d215420', 'created_at': '2025-05-24T17:04:42.297198'}] count=None
[2025-05-24 20:04:43] ✅ Successfully inserted: Hummus
[2025-05-24 20:04:43] Attempting to insert product: {'name': 'Cap de llom filetejat a la planxa', 'price': 2.4, 'category': 'drinks', 'store_id': 'bonarea', 'quantity': 'aprox. 198 g'}
[2025-05-24 20:04:43] Supabase Response: data=[{'name': 'Cap de llom filetejat a la planxa', 'price': 2.4, 'category': 'drinks', 'store_id': 'bonarea', 'quantity': 'aprox. 198 g', 'id': '01ab7da7-55b5-46ea-acdd-36aa6342dc9f', 'created_at': '2025-05-24T17:04:42.545692'}] count=None
[2025-05-24 20:04:43] ✅ Successfully inserted: Cap de llom filetejat a la planxa
[2025-05-24 20:04:43] Attempting to insert product: {'name': "Conill d'espatlla d'anoll", 'price': 16.91, 'category': 'drinks', 'store_id': 'bonarea', 'quantity': 'aprox. 1,6 kg'}
[2025-05-24 20:04:43] Supabase Response: data=[{'name': "Conill d'espatlla d'anoll", 'price': 16.91, 'category': 'drinks', 'store_id': 'bonarea', 'quantity': 'aprox. 1,6 kg', 'id': '0d6a58f9-0011-42ce-aeb0-1fff7ecef792', 'created_at': '2025-05-24T17:04:42.81901'}] count=None
[2025-05-24 20:04:43] ✅ Successfully inserted: Conill d'espatlla d'anoll
[2025-05-24 20:04:44] Attempting to insert product: {'name': "Jarret d'anoll", 'price': 22.76, 'category': 'drinks', 'store_id': 'bonarea', 'quantity': 'aprox. 2,0 kg'}
[2025-05-24 20:04:44] Supabase Response: data=[{'name': "Jarret d'anoll", 'price': 22.76, 'category': 'drinks', 'store_id': 'bonarea', 'quantity': 'aprox. 2,0 kg', 'id': '17a3cc15-a521-47bc-8878-17d938169153', 'created_at': '2025-05-24T17:04:43.069774'}] count=None
[2025-05-24 20:04:44] ✅ Successfully inserted: Jarret d'anoll
[2025-05-24 20:04:44] Attempting to insert product: {'name': 'Mixt de bull negre i donegal', 'price': 1.1, 'category': 'drinks', 'store_id': 'bonarea', 'quantity': 'aprox. 143 g'}
[2025-05-24 20:04:44] Supabase Response: data=[{'name': 'Mixt de bull negre i donegal', 'price': 1.1, 'category': 'drinks', 'store_id': 'bonarea', 'quantity': 'aprox. 143 g', 'id': '26ede711-bf8d-4f04-8350-a43fd915eec7', 'created_at': '2025-05-24T17:04:43.326556'}] count=None
[2025-05-24 20:04:44] ✅ Successfully inserted: Mixt de bull negre i donegal
[2025-05-24 20:04:44] Attempting to insert product: {'name': 'Càpsules Nescafé Dolce Gusto espresso intens', 'price': 4.25, 'category': 'drinks', 'store_id': 'bonarea', 'quantity': '16 u.'}
[2025-05-24 20:04:44] Supabase Response: data=[{'name': 'Càpsules Nescafé Dolce Gusto espresso intens', 'price': 4.25, 'category': 'drinks', 'store_id': 'bonarea', 'quantity': '16 u.', 'id': '7483a735-ee5b-43af-b532-db2b54aec465', 'created_at': '2025-05-24T17:04:43.578115'}] count=None
[2025-05-24 20:04:44] ✅ Successfully inserted: Càpsules Nescafé Dolce Gusto espresso intens
[2025-05-24 20:04:44] Attempting to insert product: {'name': 'Salmó adults', 'price': 13.8, 'category': 'drinks', 'store_id': 'bonarea', 'quantity': '10 kg'}
[2025-05-24 20:04:44] Supabase Response: data=[{'name': 'Salmó adults', 'price': 13.8, 'category': 'drinks', 'store_id': 'bonarea', 'quantity': '10 kg', 'id': '84f3b89c-7396-4b30-96b9-67725e5ba568', 'created_at': '2025-05-24T17:04:43.826458'}] count=None
[2025-05-24 20:04:44] ✅ Successfully inserted: Salmó adults
[2025-05-24 20:04:45] Attempting to insert product: {'name': 'Salmó adults', 'price': 4.44, 'category': 'drinks', 'store_id': 'bonarea', 'quantity': '3 kg'}
[2025-05-24 20:04:45] Supabase Response: data=[{'name': 'Salmó adults', 'price': 4.44, 'category': 'drinks', 'store_id': 'bonarea', 'quantity': '3 kg', 'id': 'b186613e-87ff-4340-a8a6-546358c93555', 'created_at': '2025-05-24T17:04:44.077734'}] count=None
[2025-05-24 20:04:45] ✅ Successfully inserted: Salmó adults
[2025-05-24 20:04:45] Attempting to insert product: {'name': 'Original adults', 'price': 13.6, 'category': 'drinks', 'store_id': 'bonarea', 'quantity': '10 kg'}
[2025-05-24 20:04:45] Supabase Response: data=[{'name': 'Original adults', 'price': 13.6, 'category': 'drinks', 'store_id': 'bonarea', 'quantity': '10 kg', 'id': '2264108e-2307-43e6-960b-979c820ae45f', 'created_at': '2025-05-24T17:04:44.322477'}] count=None
[2025-05-24 20:04:45] ✅ Successfully inserted: Original adults
[2025-05-24 20:04:45] Attempting to insert product: {'name': 'Original adults', 'price': 4.38, 'category': 'drinks', 'store_id': 'bonarea', 'quantity': '3 kg'}
[2025-05-24 20:04:45] Supabase Response: data=[{'name': 'Original adults', 'price': 4.38, 'category': 'drinks', 'store_id': 'bonarea', 'quantity': '3 kg', 'id': '8678cb3a-943b-4c03-9795-2faf4bfb3b42', 'created_at': '2025-05-24T17:04:44.573122'}] count=None
[2025-05-24 20:04:45] ✅ Successfully inserted: Original adults
[2025-05-24 20:04:45] Attempting to insert product: {'name': 'Junior 2-12 mesos', 'price': 15.9, 'category': 'drinks', 'store_id': 'bonarea', 'quantity': '10 kg'}
[2025-05-24 20:04:45] Supabase Response: data=[{'name': 'Junior 2-12 mesos', 'price': 15.9, 'category': 'drinks', 'store_id': 'bonarea', 'quantity': '10 kg', 'id': '716f7f4c-2228-44ac-a7dc-015cb82040ba', 'created_at': '2025-05-24T17:04:44.821843'}] count=None
[2025-05-24 20:04:45] ✅ Successfully inserted: Junior 2-12 mesos
[2025-05-24 20:04:46] Attempting to insert product: {'name': 'Junior 2-12 mesos', 'price': 5.07, 'category': 'drinks', 'store_id': 'bonarea', 'quantity': '3 kg'}
[2025-05-24 20:04:46] Supabase Response: data=[{'name': 'Junior 2-12 mesos', 'price': 5.07, 'category': 'drinks', 'store_id': 'bonarea', 'quantity': '3 kg', 'id': '0ce28aff-3c9d-4981-a9e4-c7d7ff847a4e', 'created_at': '2025-05-24T17:04:45.073592'}] count=None
[2025-05-24 20:04:46] ✅ Successfully inserted: Junior 2-12 mesos
[2025-05-24 20:04:46] Attempting to insert product: {'name': 'Pit de pollastre groc sencer', 'price': 4.54, 'category': 'drinks', 'store_id': 'bonarea', 'quantity': 'aprox. 693 g'}
[2025-05-24 20:04:46] Supabase Response: data=[{'name': 'Pit de pollastre groc sencer', 'price': 4.54, 'category': 'drinks', 'store_id': 'bonarea', 'quantity': 'aprox. 693 g', 'id': '8220989a-0cfa-4a67-8805-de3a63bc6dfd', 'created_at': '2025-05-24T17:04:45.346437'}] count=None
[2025-05-24 20:04:46] ✅ Successfully inserted: Pit de pollastre groc sencer
[2025-05-24 20:04:46] Attempting to insert product: {'name': 'Pernilets de pollastre groc', 'price': 3.64, 'category': 'drinks', 'store_id': 'bonarea', 'quantity': 'aprox. 1,0 kg'}
[2025-05-24 20:04:46] Supabase Response: data=[{'name': 'Pernilets de pollastre groc', 'price': 3.64, 'category': 'drinks', 'store_id': 'bonarea', 'quantity': 'aprox. 1,0 kg', 'id': 'cfe58bfd-075e-484e-80be-d497c8a713e7', 'created_at': '2025-05-24T17:04:45.625067'}] count=None
[2025-05-24 20:04:46] ✅ Successfully inserted: Pernilets de pollastre groc
[2025-05-24 20:04:46] Attempting to insert product: {'name': 'Pit de pollastre blanc sencer', 'price': 4.68, 'category': 'drinks', 'store_id': 'bonarea', 'quantity': 'aprox. 715 g'}
[2025-05-24 20:04:47] Supabase Response: data=[{'name': 'Pit de pollastre blanc sencer', 'price': 4.68, 'category': 'drinks', 'store_id': 'bonarea', 'quantity': 'aprox. 715 g', 'id': 'f38186ef-e790-47d5-90d7-6d86bdddc872', 'created_at': '2025-05-24T17:04:45.897703'}] count=None
[2025-05-24 20:04:47] ✅ Successfully inserted: Pit de pollastre blanc sencer
[2025-05-24 20:04:47] Attempting to insert product: {'name': 'Pernilets de pollastre blanc', 'price': 3.8, 'category': 'drinks', 'store_id': 'bonarea', 'quantity': 'aprox. 1,1 kg'}
[2025-05-24 20:04:47] Supabase Response: data=[{'name': 'Pernilets de pollastre blanc', 'price': 3.8, 'category': 'drinks', 'store_id': 'bonarea', 'quantity': 'aprox. 1,1 kg', 'id': '20901f4e-fb4a-4f9f-804b-1d901e53c2d5', 'created_at': '2025-05-24T17:04:46.152427'}] count=None
[2025-05-24 20:04:47] ✅ Successfully inserted: Pernilets de pollastre blanc
[2025-05-24 20:04:47] Attempting to insert product: {'name': 'Pit de pollastre groc filetejat', 'price': 4.69, 'category': 'drinks', 'store_id': 'bonarea', 'quantity': 'aprox. 660 g'}
[2025-05-24 20:04:47] Supabase Response: data=[{'name': 'Pit de pollastre groc filetejat', 'price': 4.69, 'category': 'drinks', 'store_id': 'bonarea', 'quantity': 'aprox. 660 g', 'id': '5fe27bed-4e38-424a-8181-e269f5e206e4', 'created_at': '2025-05-24T17:04:46.418441'}] count=None
[2025-05-24 20:04:47] ✅ Successfully inserted: Pit de pollastre groc filetejat
[2025-05-24 20:04:47] Attempting to insert product: {'name': 'Pit de pollastre sencer 65% cereals', 'price': 4.57, 'category': 'drinks', 'store_id': 'bonarea', 'quantity': 'aprox. 605 g'}
[2025-05-24 20:04:47] Supabase Response: data=[{'name': 'Pit de pollastre sencer 65% cereals', 'price': 4.57, 'category': 'drinks', 'store_id': 'bonarea', 'quantity': 'aprox. 605 g', 'id': 'ec32b5c3-69e4-4248-9506-ecf7298f0272', 'created_at': '2025-05-24T17:04:46.681781'}] count=None
[2025-05-24 20:04:47] ✅ Successfully inserted: Pit de pollastre sencer 65% cereals
[2025-05-24 20:04:51] Attempting to insert product: {'name': 'Gaspatxo', 'price': 2.85, 'category': 'drinks', 'store_id': 'bonarea', 'quantity': '1 l'}
[2025-05-24 20:04:51] Supabase Response: data=[{'name': 'Gaspatxo', 'price': 2.85, 'category': 'drinks', 'store_id': 'bonarea', 'quantity': '1 l', 'id': '5663ec54-eeae-4eaf-8270-95163f69d9e1', 'created_at': '2025-05-24T17:04:50.839507'}] count=None
[2025-05-24 20:04:51] ✅ Successfully inserted: Gaspatxo
[2025-05-24 20:04:52] Attempting to insert product: {'name': 'Salmorejo', 'price': 3.15, 'category': 'drinks', 'store_id': 'bonarea', 'quantity': '1 l'}
[2025-05-24 20:04:52] Supabase Response: data=[{'name': 'Salmorejo', 'price': 3.15, 'category': 'drinks', 'store_id': 'bonarea', 'quantity': '1 l', 'id': '10ff21a4-4731-4a98-9491-eb885de22556', 'created_at': '2025-05-24T17:04:51.097673'}] count=None
[2025-05-24 20:04:52] ✅ Successfully inserted: Salmorejo
[2025-05-24 20:04:52] Attempting to insert product: {'name': 'Gaspatxo bric', 'price': 1.95, 'category': 'drinks', 'store_id': 'bonarea', 'quantity': '1 l'}
[2025-05-24 20:04:52] Supabase Response: data=[{'name': 'Gaspatxo bric', 'price': 1.95, 'category': 'drinks', 'store_id': 'bonarea', 'quantity': '1 l', 'id': '68c41b52-50f0-4235-befd-9f740e6c699e', 'created_at': '2025-05-24T17:04:51.351925'}] count=None
[2025-05-24 20:04:52] ✅ Successfully inserted: Gaspatxo bric
[2025-05-24 20:04:52] Attempting to insert product: {'name': 'Salmorejo bric', 'price': 2.3, 'category': 'drinks', 'store_id': 'bonarea', 'quantity': '1 l'}
[2025-05-24 20:04:52] Supabase Response: data=[{'name': 'Salmorejo bric', 'price': 2.3, 'category': 'drinks', 'store_id': 'bonarea', 'quantity': '1 l', 'id': '0640be4c-ffbd-4f0f-a0a2-34bf9d32372d', 'created_at': '2025-05-24T17:04:51.626622'}] count=None
[2025-05-24 20:04:52] ✅ Successfully inserted: Salmorejo bric
[2025-05-24 20:04:52] Attempting to insert product: {'name': 'Gaspatxo estil andalús', 'price': 1.1, 'category': 'drinks', 'store_id': 'bonarea', 'quantity': '300 g'}
[2025-05-24 20:04:53] Supabase Response: data=[{'name': 'Gaspatxo estil andalús', 'price': 1.1, 'category': 'drinks', 'store_id': 'bonarea', 'quantity': '300 g', 'id': '9f134e53-773d-44c7-a27a-01284a9c974b', 'created_at': '2025-05-24T17:04:51.878885'}] count=None
[2025-05-24 20:04:53] ✅ Successfully inserted: Gaspatxo estil andalús
[2025-05-24 20:04:53] Attempting to insert product: {'name': 'Gaspatxo de maduixa', 'price': 1.25, 'category': 'drinks', 'store_id': 'bonarea', 'quantity': '300 g'}
[2025-05-24 20:04:53] Supabase Response: data=[{'name': 'Gaspatxo de maduixa', 'price': 1.25, 'category': 'drinks', 'store_id': 'bonarea', 'quantity': '300 g', 'id': '0d616e31-0698-4fef-8bde-b428b7ce30fc', 'created_at': '2025-05-24T17:04:52.13015'}] count=None
[2025-05-24 20:04:53] ✅ Successfully inserted: Gaspatxo de maduixa
[2025-05-24 20:04:53] Attempting to insert product: {'name': 'Hummus', 'price': 0.94, 'category': 'drinks', 'store_id': 'bonarea', 'quantity': '200 g'}
[2025-05-24 20:04:53] Supabase Response: data=[{'name': 'Hummus', 'price': 0.94, 'category': 'drinks', 'store_id': 'bonarea', 'quantity': '200 g', 'id': 'ee21e727-f0dc-442b-b3ec-98c3d4d00685', 'created_at': '2025-05-24T17:04:52.403921'}] count=None
[2025-05-24 20:04:53] ✅ Successfully inserted: Hummus
[2025-05-24 20:04:53] Attempting to insert product: {'name': 'Cap de llom filetejat a la planxa', 'price': 2.4, 'category': 'drinks', 'store_id': 'bonarea', 'quantity': 'aprox. 198 g'}
[2025-05-24 20:04:53] Supabase Response: data=[{'name': 'Cap de llom filetejat a la planxa', 'price': 2.4, 'category': 'drinks', 'store_id': 'bonarea', 'quantity': 'aprox. 198 g', 'id': '6ba818fd-3141-4faf-9f71-7e343a089d8a', 'created_at': '2025-05-24T17:04:52.656737'}] count=None
[2025-05-24 20:04:53] ✅ Successfully inserted: Cap de llom filetejat a la planxa
[2025-05-24 20:04:53] Attempting to insert product: {'name': "Conill d'espatlla d'anoll", 'price': 16.91, 'category': 'drinks', 'store_id': 'bonarea', 'quantity': 'aprox. 1,6 kg'}
[2025-05-24 20:04:54] Supabase Response: data=[{'name': "Conill d'espatlla d'anoll", 'price': 16.91, 'category': 'drinks', 'store_id': 'bonarea', 'quantity': 'aprox. 1,6 kg', 'id': 'fe81a227-f901-4677-b437-f5d47fa623d9', 'created_at': '2025-05-24T17:04:52.913348'}] count=None
[2025-05-24 20:04:54] ✅ Successfully inserted: Conill d'espatlla d'anoll
[2025-05-24 20:04:54] Attempting to insert product: {'name': "Jarret d'anoll", 'price': 22.76, 'category': 'drinks', 'store_id': 'bonarea', 'quantity': 'aprox. 2,0 kg'}
[2025-05-24 20:04:54] Supabase Response: data=[{'name': "Jarret d'anoll", 'price': 22.76, 'category': 'drinks', 'store_id': 'bonarea', 'quantity': 'aprox. 2,0 kg', 'id': '84f684f9-e247-4d90-8f31-4ffae20de697', 'created_at': '2025-05-24T17:04:53.251284'}] count=None
[2025-05-24 20:04:54] ✅ Successfully inserted: Jarret d'anoll
[2025-05-24 20:04:54] Attempting to insert product: {'name': 'Mixt de bull negre i donegal', 'price': 1.1, 'category': 'drinks', 'store_id': 'bonarea', 'quantity': 'aprox. 143 g'}
[2025-05-24 20:04:54] Supabase Response: data=[{'name': 'Mixt de bull negre i donegal', 'price': 1.1, 'category': 'drinks', 'store_id': 'bonarea', 'quantity': 'aprox. 143 g', 'id': '8e5f8591-03f2-4453-9710-f12bab4cfe2b', 'created_at': '2025-05-24T17:04:53.569695'}] count=None
[2025-05-24 20:04:54] ✅ Successfully inserted: Mixt de bull negre i donegal
[2025-05-24 20:04:54] Attempting to insert product: {'name': 'Càpsules Nescafé Dolce Gusto espresso intens', 'price': 4.25, 'category': 'drinks', 'store_id': 'bonarea', 'quantity': '16 u.'}
[2025-05-24 20:04:55] Supabase Response: data=[{'name': 'Càpsules Nescafé Dolce Gusto espresso intens', 'price': 4.25, 'category': 'drinks', 'store_id': 'bonarea', 'quantity': '16 u.', 'id': '9d806c21-d17b-41cd-8251-7659689582f7', 'created_at': '2025-05-24T17:04:54.018243'}] count=None
[2025-05-24 20:04:55] ✅ Successfully inserted: Càpsules Nescafé Dolce Gusto espresso intens
[2025-05-24 20:04:55] Attempting to insert product: {'name': 'Salmó adults', 'price': 13.8, 'category': 'drinks', 'store_id': 'bonarea', 'quantity': '10 kg'}
[2025-05-24 20:04:55] Supabase Response: data=[{'name': 'Salmó adults', 'price': 13.8, 'category': 'drinks', 'store_id': 'bonarea', 'quantity': '10 kg', 'id': '33747a63-ff71-4cfc-b48b-cac82bd96e4f', 'created_at': '2025-05-24T17:04:54.365607'}] count=None
[2025-05-24 20:04:55] ✅ Successfully inserted: Salmó adults
[2025-05-24 20:04:55] Attempting to insert product: {'name': 'Salmó adults', 'price': 4.44, 'category': 'drinks', 'store_id': 'bonarea', 'quantity': '3 kg'}
[2025-05-24 20:04:55] Supabase Response: data=[{'name': 'Salmó adults', 'price': 4.44, 'category': 'drinks', 'store_id': 'bonarea', 'quantity': '3 kg', 'id': '4bad0489-d0ae-4431-bce1-075b826f1ac7', 'created_at': '2025-05-24T17:04:54.652849'}] count=None
[2025-05-24 20:04:55] ✅ Successfully inserted: Salmó adults
[2025-05-24 20:04:55] Attempting to insert product: {'name': 'Original adults', 'price': 13.6, 'category': 'drinks', 'store_id': 'bonarea', 'quantity': '10 kg'}
[2025-05-24 20:04:56] Supabase Response: data=[{'name': 'Original adults', 'price': 13.6, 'category': 'drinks', 'store_id': 'bonarea', 'quantity': '10 kg', 'id': '317fbeef-f5ce-48fc-9f37-09537cf44fe1', 'created_at': '2025-05-24T17:04:54.917566'}] count=None
[2025-05-24 20:04:56] ✅ Successfully inserted: Original adults
[2025-05-24 20:04:56] Attempting to insert product: {'name': 'Original adults', 'price': 4.38, 'category': 'drinks', 'store_id': 'bonarea', 'quantity': '3 kg'}
[2025-05-24 20:04:56] Supabase Response: data=[{'name': 'Original adults', 'price': 4.38, 'category': 'drinks', 'store_id': 'bonarea', 'quantity': '3 kg', 'id': '9e364e7f-5115-46ec-9482-4f82bfaa9fad', 'created_at': '2025-05-24T17:04:55.223158'}] count=None
[2025-05-24 20:04:56] ✅ Successfully inserted: Original adults
[2025-05-24 20:04:56] Attempting to insert product: {'name': 'Junior 2-12 mesos', 'price': 15.9, 'category': 'drinks', 'store_id': 'bonarea', 'quantity': '10 kg'}
[2025-05-24 20:04:56] Supabase Response: data=[{'name': 'Junior 2-12 mesos', 'price': 15.9, 'category': 'drinks', 'store_id': 'bonarea', 'quantity': '10 kg', 'id': '75265cba-751d-49cd-9860-ebe4623baf38', 'created_at': '2025-05-24T17:04:55.487052'}] count=None
[2025-05-24 20:04:56] ✅ Successfully inserted: Junior 2-12 mesos
[2025-05-24 20:04:56] Attempting to insert product: {'name': 'Junior 2-12 mesos', 'price': 5.07, 'category': 'drinks', 'store_id': 'bonarea', 'quantity': '3 kg'}
[2025-05-24 20:04:57] Supabase Response: data=[{'name': 'Junior 2-12 mesos', 'price': 5.07, 'category': 'drinks', 'store_id': 'bonarea', 'quantity': '3 kg', 'id': 'eba930db-ddc2-43b9-9208-1510b5f6b43a', 'created_at': '2025-05-24T17:04:55.858273'}] count=None
[2025-05-24 20:04:57] ✅ Successfully inserted: Junior 2-12 mesos
[2025-05-24 20:04:57] Attempting to insert product: {'name': 'Pit de pollastre groc sencer', 'price': 4.54, 'category': 'drinks', 'store_id': 'bonarea', 'quantity': 'aprox. 693 g'}
[2025-05-24 20:04:57] Supabase Response: data=[{'name': 'Pit de pollastre groc sencer', 'price': 4.54, 'category': 'drinks', 'store_id': 'bonarea', 'quantity': 'aprox. 693 g', 'id': '1d13fd7b-eef6-4e5e-8101-301868f836ee', 'created_at': '2025-05-24T17:04:56.119729'}] count=None
[2025-05-24 20:04:57] ✅ Successfully inserted: Pit de pollastre groc sencer
[2025-05-24 20:04:57] Attempting to insert product: {'name': 'Pernilets de pollastre groc', 'price': 3.64, 'category': 'drinks', 'store_id': 'bonarea', 'quantity': 'aprox. 1,0 kg'}
[2025-05-24 20:04:57] Supabase Response: data=[{'name': 'Pernilets de pollastre groc', 'price': 3.64, 'category': 'drinks', 'store_id': 'bonarea', 'quantity': 'aprox. 1,0 kg', 'id': '8ee18f73-9cec-446c-9851-3fa862f95e1d', 'created_at': '2025-05-24T17:04:56.388226'}] count=None
[2025-05-24 20:04:57] ✅ Successfully inserted: Pernilets de pollastre groc
[2025-05-24 20:04:57] Attempting to insert product: {'name': 'Pit de pollastre blanc sencer', 'price': 4.68, 'category': 'drinks', 'store_id': 'bonarea', 'quantity': 'aprox. 715 g'}
[2025-05-24 20:04:57] Supabase Response: data=[{'name': 'Pit de pollastre blanc sencer', 'price': 4.68, 'category': 'drinks', 'store_id': 'bonarea', 'quantity': 'aprox. 715 g', 'id': '3b44e803-9e66-454e-96b8-28e753fe90dd', 'created_at': '2025-05-24T17:04:56.705834'}] count=None
[2025-05-24 20:04:57] ✅ Successfully inserted: Pit de pollastre blanc sencer
[2025-05-24 20:04:57] Attempting to insert product: {'name': 'Pernilets de pollastre blanc', 'price': 3.8, 'category': 'drinks', 'store_id': 'bonarea', 'quantity': 'aprox. 1,1 kg'}
[2025-05-24 20:04:58] Supabase Response: data=[{'name': 'Pernilets de pollastre blanc', 'price': 3.8, 'category': 'drinks', 'store_id': 'bonarea', 'quantity': 'aprox. 1,1 kg', 'id': '62f10968-a233-4e2f-b0f5-aacc6fa8774a', 'created_at': '2025-05-24T17:04:57.007423'}] count=None
[2025-05-24 20:04:58] ✅ Successfully inserted: Pernilets de pollastre blanc
[2025-05-24 20:04:58] Attempting to insert product: {'name': 'Pit de pollastre groc filetejat', 'price': 4.69, 'category': 'drinks', 'store_id': 'bonarea', 'quantity': 'aprox. 660 g'}
[2025-05-24 20:04:58] Supabase Response: data=[{'name': 'Pit de pollastre groc filetejat', 'price': 4.69, 'category': 'drinks', 'store_id': 'bonarea', 'quantity': 'aprox. 660 g', 'id': 'b9ea90e3-465f-40a6-a00c-26c7d56370e9', 'created_at': '2025-05-24T17:04:57.312393'}] count=None
[2025-05-24 20:04:58] ✅ Successfully inserted: Pit de pollastre groc filetejat
[2025-05-24 20:04:58] Attempting to insert product: {'name': 'Pit de pollastre sencer 65% cereals', 'price': 4.57, 'category': 'drinks', 'store_id': 'bonarea', 'quantity': 'aprox. 605 g'}
[2025-05-24 20:04:58] Supabase Response: data=[{'name': 'Pit de pollastre sencer 65% cereals', 'price': 4.57, 'category': 'drinks', 'store_id': 'bonarea', 'quantity': 'aprox. 605 g', 'id': 'd51d78b2-a42c-4f4e-bae2-d2e90faee8ee', 'created_at': '2025-05-24T17:04:57.600561'}] count=None
[2025-05-24 20:04:58] ✅ Successfully inserted: Pit de pollastre sencer 65% cereals
[2025-05-24 20:05:02] Attempting to insert product: {'name': 'Gaspatxo', 'price': 2.85, 'category': 'drinks', 'store_id': 'bonarea', 'quantity': '1 l'}
[2025-05-24 20:05:02] Supabase Response: data=[{'name': 'Gaspatxo', 'price': 2.85, 'category': 'drinks', 'store_id': 'bonarea', 'quantity': '1 l', 'id': 'c85b2bca-c802-444c-935c-192b2ef80838', 'created_at': '2025-05-24T17:05:01.711777'}] count=None
[2025-05-24 20:05:02] ✅ Successfully inserted: Gaspatxo
[2025-05-24 20:05:02] Attempting to insert product: {'name': 'Salmorejo', 'price': 3.15, 'category': 'drinks', 'store_id': 'bonarea', 'quantity': '1 l'}
[2025-05-24 20:05:03] Supabase Response: data=[{'name': 'Salmorejo', 'price': 3.15, 'category': 'drinks', 'store_id': 'bonarea', 'quantity': '1 l', 'id': 'bf029fe2-4295-408e-9274-cba64cb40e29', 'created_at': '2025-05-24T17:05:01.965835'}] count=None
[2025-05-24 20:05:03] ✅ Successfully inserted: Salmorejo
[2025-05-24 20:05:03] Attempting to insert product: {'name': 'Gaspatxo bric', 'price': 1.95, 'category': 'drinks', 'store_id': 'bonarea', 'quantity': '1 l'}
[2025-05-24 20:05:03] Supabase Response: data=[{'name': 'Gaspatxo bric', 'price': 1.95, 'category': 'drinks', 'store_id': 'bonarea', 'quantity': '1 l', 'id': '256119c8-4213-485f-9e3a-63c0be8eb7c0', 'created_at': '2025-05-24T17:05:02.212005'}] count=None
[2025-05-24 20:05:03] ✅ Successfully inserted: Gaspatxo bric
[2025-05-24 20:05:03] Attempting to insert product: {'name': 'Salmorejo bric', 'price': 2.3, 'category': 'drinks', 'store_id': 'bonarea', 'quantity': '1 l'}
[2025-05-24 20:05:03] Supabase Response: data=[{'name': 'Salmorejo bric', 'price': 2.3, 'category': 'drinks', 'store_id': 'bonarea', 'quantity': '1 l', 'id': '9411133d-0ac1-4512-bf91-498568e0e4da', 'created_at': '2025-05-24T17:05:02.457655'}] count=None
[2025-05-24 20:05:03] ✅ Successfully inserted: Salmorejo bric
[2025-05-24 20:05:03] Attempting to insert product: {'name': 'Gaspatxo estil andalús', 'price': 1.1, 'category': 'drinks', 'store_id': 'bonarea', 'quantity': '300 g'}
[2025-05-24 20:05:03] Supabase Response: data=[{'name': 'Gaspatxo estil andalús', 'price': 1.1, 'category': 'drinks', 'store_id': 'bonarea', 'quantity': '300 g', 'id': 'b10fbd0e-b596-4f55-af1a-a84fe7a8c702', 'created_at': '2025-05-24T17:05:02.700015'}] count=None
[2025-05-24 20:05:03] ✅ Successfully inserted: Gaspatxo estil andalús
[2025-05-24 20:05:03] Attempting to insert product: {'name': 'Gaspatxo de maduixa', 'price': 1.25, 'category': 'drinks', 'store_id': 'bonarea', 'quantity': '300 g'}
[2025-05-24 20:05:04] Supabase Response: data=[{'name': 'Gaspatxo de maduixa', 'price': 1.25, 'category': 'drinks', 'store_id': 'bonarea', 'quantity': '300 g', 'id': '307089d7-4ca3-4044-8b6a-3eee07023c23', 'created_at': '2025-05-24T17:05:02.943619'}] count=None
[2025-05-24 20:05:04] ✅ Successfully inserted: Gaspatxo de maduixa
[2025-05-24 20:05:04] Attempting to insert product: {'name': 'Hummus', 'price': 0.94, 'category': 'drinks', 'store_id': 'bonarea', 'quantity': '200 g'}
[2025-05-24 20:05:04] Supabase Response: data=[{'name': 'Hummus', 'price': 0.94, 'category': 'drinks', 'store_id': 'bonarea', 'quantity': '200 g', 'id': '4b55f262-8ccc-4f71-b95a-2e4d842ea532', 'created_at': '2025-05-24T17:05:03.191753'}] count=None
[2025-05-24 20:05:04] ✅ Successfully inserted: Hummus
[2025-05-24 20:05:04] Attempting to insert product: {'name': 'Cap de llom filetejat a la planxa', 'price': 2.4, 'category': 'drinks', 'store_id': 'bonarea', 'quantity': 'aprox. 198 g'}
[2025-05-24 20:05:04] Supabase Response: data=[{'name': 'Cap de llom filetejat a la planxa', 'price': 2.4, 'category': 'drinks', 'store_id': 'bonarea', 'quantity': 'aprox. 198 g', 'id': '6c1ece45-2acc-4e48-9dfb-9e5f55641621', 'created_at': '2025-05-24T17:05:03.443592'}] count=None
[2025-05-24 20:05:04] ✅ Successfully inserted: Cap de llom filetejat a la planxa
[2025-05-24 20:05:04] Attempting to insert product: {'name': "Conill d'espatlla d'anoll", 'price': 16.91, 'category': 'drinks', 'store_id': 'bonarea', 'quantity': 'aprox. 1,6 kg'}
[2025-05-24 20:05:04] Supabase Response: data=[{'name': "Conill d'espatlla d'anoll", 'price': 16.91, 'category': 'drinks', 'store_id': 'bonarea', 'quantity': 'aprox. 1,6 kg', 'id': '421b9ec9-dceb-4b75-9021-eb5eda92d5da', 'created_at': '2025-05-24T17:05:03.709735'}] count=None
[2025-05-24 20:05:04] ✅ Successfully inserted: Conill d'espatlla d'anoll
[2025-05-24 20:05:04] Attempting to insert product: {'name': "Jarret d'anoll", 'price': 22.76, 'category': 'drinks', 'store_id': 'bonarea', 'quantity': 'aprox. 2,0 kg'}
[2025-05-24 20:05:05] Supabase Response: data=[{'name': "Jarret d'anoll", 'price': 22.76, 'category': 'drinks', 'store_id': 'bonarea', 'quantity': 'aprox. 2,0 kg', 'id': 'd4dcb06b-71d1-4d8f-b70c-0c23fabb836d', 'created_at': '2025-05-24T17:05:03.962759'}] count=None
[2025-05-24 20:05:05] ✅ Successfully inserted: Jarret d'anoll
[2025-05-24 20:05:05] Attempting to insert product: {'name': 'Mixt de bull negre i donegal', 'price': 1.1, 'category': 'drinks', 'store_id': 'bonarea', 'quantity': 'aprox. 143 g'}
[2025-05-24 20:05:05] Supabase Response: data=[{'name': 'Mixt de bull negre i donegal', 'price': 1.1, 'category': 'drinks', 'store_id': 'bonarea', 'quantity': 'aprox. 143 g', 'id': '6d575fc1-86bd-4301-ba25-6fe568187b37', 'created_at': '2025-05-24T17:05:04.228602'}] count=None
[2025-05-24 20:05:05] ✅ Successfully inserted: Mixt de bull negre i donegal
[2025-05-24 20:05:05] Attempting to insert product: {'name': 'Càpsules Nescafé Dolce Gusto espresso intens', 'price': 4.25, 'category': 'drinks', 'store_id': 'bonarea', 'quantity': '16 u.'}
[2025-05-24 20:05:05] Supabase Response: data=[{'name': 'Càpsules Nescafé Dolce Gusto espresso intens', 'price': 4.25, 'category': 'drinks', 'store_id': 'bonarea', 'quantity': '16 u.', 'id': '1b3e13f5-cfa3-413b-b14f-c222cf14e1e9', 'created_at': '2025-05-24T17:05:04.486738'}] count=None
[2025-05-24 20:05:05] ✅ Successfully inserted: Càpsules Nescafé Dolce Gusto espresso intens
[2025-05-24 20:05:05] Attempting to insert product: {'name': 'Salmó adults', 'price': 13.8, 'category': 'drinks', 'store_id': 'bonarea', 'quantity': '10 kg'}
[2025-05-24 20:05:05] Supabase Response: data=[{'name': 'Salmó adults', 'price': 13.8, 'category': 'drinks', 'store_id': 'bonarea', 'quantity': '10 kg', 'id': 'ab764f74-f8d4-4c4a-80de-eeafd9b2b550', 'created_at': '2025-05-24T17:05:04.736543'}] count=None
[2025-05-24 20:05:05] ✅ Successfully inserted: Salmó adults
[2025-05-24 20:05:05] Attempting to insert product: {'name': 'Salmó adults', 'price': 4.44, 'category': 'drinks', 'store_id': 'bonarea', 'quantity': '3 kg'}
[2025-05-24 20:05:06] Supabase Response: data=[{'name': 'Salmó adults', 'price': 4.44, 'category': 'drinks', 'store_id': 'bonarea', 'quantity': '3 kg', 'id': '9a2c0fdb-39f3-4475-bd26-c80ea4b4906a', 'created_at': '2025-05-24T17:05:04.985405'}] count=None
[2025-05-24 20:05:06] ✅ Successfully inserted: Salmó adults
[2025-05-24 20:05:06] Attempting to insert product: {'name': 'Original adults', 'price': 13.6, 'category': 'drinks', 'store_id': 'bonarea', 'quantity': '10 kg'}
[2025-05-24 20:05:06] Supabase Response: data=[{'name': 'Original adults', 'price': 13.6, 'category': 'drinks', 'store_id': 'bonarea', 'quantity': '10 kg', 'id': '90e4f830-cfa1-465c-8ccb-4cf385efc01c', 'created_at': '2025-05-24T17:05:05.376966'}] count=None
[2025-05-24 20:05:06] ✅ Successfully inserted: Original adults
[2025-05-24 20:05:06] Attempting to insert product: {'name': 'Original adults', 'price': 4.38, 'category': 'drinks', 'store_id': 'bonarea', 'quantity': '3 kg'}
[2025-05-24 20:05:06] Supabase Response: data=[{'name': 'Original adults', 'price': 4.38, 'category': 'drinks', 'store_id': 'bonarea', 'quantity': '3 kg', 'id': '1f4e5755-6a4d-4060-a1a9-09efe28e8e60', 'created_at': '2025-05-24T17:05:05.644707'}] count=None
[2025-05-24 20:05:06] ✅ Successfully inserted: Original adults
[2025-05-24 20:05:06] Attempting to insert product: {'name': 'Junior 2-12 mesos', 'price': 15.9, 'category': 'drinks', 'store_id': 'bonarea', 'quantity': '10 kg'}
[2025-05-24 20:05:07] Supabase Response: data=[{'name': 'Junior 2-12 mesos', 'price': 15.9, 'category': 'drinks', 'store_id': 'bonarea', 'quantity': '10 kg', 'id': 'c6a4ed4d-5880-494b-8d1f-ea2377053a97', 'created_at': '2025-05-24T17:05:05.919219'}] count=None
[2025-05-24 20:05:07] ✅ Successfully inserted: Junior 2-12 mesos
[2025-05-24 20:05:07] Attempting to insert product: {'name': 'Junior 2-12 mesos', 'price': 5.07, 'category': 'drinks', 'store_id': 'bonarea', 'quantity': '3 kg'}
[2025-05-24 20:05:07] Supabase Response: data=[{'name': 'Junior 2-12 mesos', 'price': 5.07, 'category': 'drinks', 'store_id': 'bonarea', 'quantity': '3 kg', 'id': '9312e26b-528a-429e-a0bd-3bc850124798', 'created_at': '2025-05-24T17:05:06.163568'}] count=None
[2025-05-24 20:05:07] ✅ Successfully inserted: Junior 2-12 mesos
[2025-05-24 20:05:07] Attempting to insert product: {'name': 'Pit de pollastre groc sencer', 'price': 4.54, 'category': 'drinks', 'store_id': 'bonarea', 'quantity': 'aprox. 693 g'}
[2025-05-24 20:05:07] Supabase Response: data=[{'name': 'Pit de pollastre groc sencer', 'price': 4.54, 'category': 'drinks', 'store_id': 'bonarea', 'quantity': 'aprox. 693 g', 'id': '143c8008-5311-4bd7-844a-1b6a312e0f8a', 'created_at': '2025-05-24T17:05:06.438267'}] count=None
[2025-05-24 20:05:07] ✅ Successfully inserted: Pit de pollastre groc sencer
[2025-05-24 20:05:07] Attempting to insert product: {'name': 'Pernilets de pollastre groc', 'price': 3.64, 'category': 'drinks', 'store_id': 'bonarea', 'quantity': 'aprox. 1,0 kg'}
[2025-05-24 20:05:07] Supabase Response: data=[{'name': 'Pernilets de pollastre groc', 'price': 3.64, 'category': 'drinks', 'store_id': 'bonarea', 'quantity': 'aprox. 1,0 kg', 'id': '92805196-1066-48d7-81d9-564f29ab069b', 'created_at': '2025-05-24T17:05:06.754242'}] count=None
[2025-05-24 20:05:07] ✅ Successfully inserted: Pernilets de pollastre groc
[2025-05-24 20:05:07] Attempting to insert product: {'name': 'Pit de pollastre blanc sencer', 'price': 4.68, 'category': 'drinks', 'store_id': 'bonarea', 'quantity': 'aprox. 715 g'}
[2025-05-24 20:05:08] Supabase Response: data=[{'name': 'Pit de pollastre blanc sencer', 'price': 4.68, 'category': 'drinks', 'store_id': 'bonarea', 'quantity': 'aprox. 715 g', 'id': '51d5b3ff-1acb-4ff6-810b-153c66a8437c', 'created_at': '2025-05-24T17:05:07.063811'}] count=None
[2025-05-24 20:05:08] ✅ Successfully inserted: Pit de pollastre blanc sencer
[2025-05-24 20:05:08] Attempting to insert product: {'name': 'Pernilets de pollastre blanc', 'price': 3.8, 'category': 'drinks', 'store_id': 'bonarea', 'quantity': 'aprox. 1,1 kg'}
[2025-05-24 20:05:08] Supabase Response: data=[{'name': 'Pernilets de pollastre blanc', 'price': 3.8, 'category': 'drinks', 'store_id': 'bonarea', 'quantity': 'aprox. 1,1 kg', 'id': 'ece34ba7-6cd0-4578-983a-6017c7d1bc80', 'created_at': '2025-05-24T17:05:07.360072'}] count=None
[2025-05-24 20:05:08] ✅ Successfully inserted: Pernilets de pollastre blanc
[2025-05-24 20:05:08] Attempting to insert product: {'name': 'Pit de pollastre groc filetejat', 'price': 4.69, 'category': 'drinks', 'store_id': 'bonarea', 'quantity': 'aprox. 660 g'}
[2025-05-24 20:05:08] Supabase Response: data=[{'name': 'Pit de pollastre groc filetejat', 'price': 4.69, 'category': 'drinks', 'store_id': 'bonarea', 'quantity': 'aprox. 660 g', 'id': 'adba2f01-46df-41ab-bdd1-0fde8c8161e0', 'created_at': '2025-05-24T17:05:07.62951'}] count=None
[2025-05-24 20:05:08] ✅ Successfully inserted: Pit de pollastre groc filetejat
[2025-05-24 20:05:08] Attempting to insert product: {'name': 'Pit de pollastre sencer 65% cereals', 'price': 4.57, 'category': 'drinks', 'store_id': 'bonarea', 'quantity': 'aprox. 605 g'}
[2025-05-24 20:05:09] Supabase Response: data=[{'name': 'Pit de pollastre sencer 65% cereals', 'price': 4.57, 'category': 'drinks', 'store_id': 'bonarea', 'quantity': 'aprox. 605 g', 'id': 'e1480362-696e-45dd-8f7d-0aed164b49ff', 'created_at': '2025-05-24T17:05:07.874846'}] count=None
[2025-05-24 20:05:09] ✅ Successfully inserted: Pit de pollastre sencer 65% cereals
[2025-05-24 20:05:12] Attempting to insert product: {'name': 'Gaspatxo', 'price': 2.85, 'category': 'drinks', 'store_id': 'bonarea', 'quantity': '1 l'}
[2025-05-24 20:05:13] Supabase Response: data=[{'name': 'Gaspatxo', 'price': 2.85, 'category': 'drinks', 'store_id': 'bonarea', 'quantity': '1 l', 'id': '381f4b6d-0286-49ea-b1ed-38a1170aa096', 'created_at': '2025-05-24T17:05:11.924898'}] count=None
[2025-05-24 20:05:13] ✅ Successfully inserted: Gaspatxo
[2025-05-24 20:05:13] Attempting to insert product: {'name': 'Salmorejo', 'price': 3.15, 'category': 'drinks', 'store_id': 'bonarea', 'quantity': '1 l'}
[2025-05-24 20:05:13] Supabase Response: data=[{'name': 'Salmorejo', 'price': 3.15, 'category': 'drinks', 'store_id': 'bonarea', 'quantity': '1 l', 'id': '81175e22-3c4e-4db5-a823-3203d519b4a9', 'created_at': '2025-05-24T17:05:12.283798'}] count=None
[2025-05-24 20:05:13] ✅ Successfully inserted: Salmorejo
[2025-05-24 20:05:13] Attempting to insert product: {'name': 'Gaspatxo bric', 'price': 1.95, 'category': 'drinks', 'store_id': 'bonarea', 'quantity': '1 l'}
[2025-05-24 20:05:13] Supabase Response: data=[{'name': 'Gaspatxo bric', 'price': 1.95, 'category': 'drinks', 'store_id': 'bonarea', 'quantity': '1 l', 'id': '449a24de-5a95-4073-8ac1-048dae2b6d2f', 'created_at': '2025-05-24T17:05:12.553072'}] count=None
[2025-05-24 20:05:13] ✅ Successfully inserted: Gaspatxo bric
[2025-05-24 20:05:13] Attempting to insert product: {'name': 'Salmorejo bric', 'price': 2.3, 'category': 'drinks', 'store_id': 'bonarea', 'quantity': '1 l'}
[2025-05-24 20:05:13] Supabase Response: data=[{'name': 'Salmorejo bric', 'price': 2.3, 'category': 'drinks', 'store_id': 'bonarea', 'quantity': '1 l', 'id': 'b215f1df-97ac-44a8-93b8-4c9f2c1b5ba1', 'created_at': '2025-05-24T17:05:12.817522'}] count=None
[2025-05-24 20:05:13] ✅ Successfully inserted: Salmorejo bric
[2025-05-24 20:05:14] Attempting to insert product: {'name': 'Gaspatxo estil andalús', 'price': 1.1, 'category': 'drinks', 'store_id': 'bonarea', 'quantity': '300 g'}
[2025-05-24 20:05:14] Supabase Response: data=[{'name': 'Gaspatxo estil andalús', 'price': 1.1, 'category': 'drinks', 'store_id': 'bonarea', 'quantity': '300 g', 'id': '2b3b9c04-e097-47cb-b1da-9c81f993530f', 'created_at': '2025-05-24T17:05:13.076142'}] count=None
[2025-05-24 20:05:14] ✅ Successfully inserted: Gaspatxo estil andalús
[2025-05-24 20:05:14] Attempting to insert product: {'name': 'Gaspatxo de maduixa', 'price': 1.25, 'category': 'drinks', 'store_id': 'bonarea', 'quantity': '300 g'}
[2025-05-24 20:05:14] Supabase Response: data=[{'name': 'Gaspatxo de maduixa', 'price': 1.25, 'category': 'drinks', 'store_id': 'bonarea', 'quantity': '300 g', 'id': '3de928e6-3654-45c1-9a5f-c138de1cbe49', 'created_at': '2025-05-24T17:05:13.316952'}] count=None
[2025-05-24 20:05:14] ✅ Successfully inserted: Gaspatxo de maduixa
[2025-05-24 20:05:14] Attempting to insert product: {'name': 'Hummus', 'price': 0.94, 'category': 'drinks', 'store_id': 'bonarea', 'quantity': '200 g'}
[2025-05-24 20:05:14] Supabase Response: data=[{'name': 'Hummus', 'price': 0.94, 'category': 'drinks', 'store_id': 'bonarea', 'quantity': '200 g', 'id': '659491aa-34a6-4925-829e-da23728bba62', 'created_at': '2025-05-24T17:05:13.562123'}] count=None
[2025-05-24 20:05:14] ✅ Successfully inserted: Hummus
[2025-05-24 20:05:14] Attempting to insert product: {'name': 'Cap de llom filetejat a la planxa', 'price': 2.4, 'category': 'drinks', 'store_id': 'bonarea', 'quantity': 'aprox. 198 g'}
[2025-05-24 20:05:14] Supabase Response: data=[{'name': 'Cap de llom filetejat a la planxa', 'price': 2.4, 'category': 'drinks', 'store_id': 'bonarea', 'quantity': 'aprox. 198 g', 'id': 'ee3f27ff-bea4-47c6-8749-044694c317a9', 'created_at': '2025-05-24T17:05:13.815331'}] count=None
[2025-05-24 20:05:14] ✅ Successfully inserted: Cap de llom filetejat a la planxa
[2025-05-24 20:05:15] Attempting to insert product: {'name': "Conill d'espatlla d'anoll", 'price': 16.91, 'category': 'drinks', 'store_id': 'bonarea', 'quantity': 'aprox. 1,6 kg'}
[2025-05-24 20:05:15] Supabase Response: data=[{'name': "Conill d'espatlla d'anoll", 'price': 16.91, 'category': 'drinks', 'store_id': 'bonarea', 'quantity': 'aprox. 1,6 kg', 'id': '0155ce48-1a0b-4b58-9dc7-c233720a8db1', 'created_at': '2025-05-24T17:05:14.075652'}] count=None
[2025-05-24 20:05:15] ✅ Successfully inserted: Conill d'espatlla d'anoll
[2025-05-24 20:05:15] Attempting to insert product: {'name': "Jarret d'anoll", 'price': 22.76, 'category': 'drinks', 'store_id': 'bonarea', 'quantity': 'aprox. 2,0 kg'}
[2025-05-24 20:05:15] Supabase Response: data=[{'name': "Jarret d'anoll", 'price': 22.76, 'category': 'drinks', 'store_id': 'bonarea', 'quantity': 'aprox. 2,0 kg', 'id': '605cc607-8c3a-48c7-8b7e-97ac2e102ef6', 'created_at': '2025-05-24T17:05:14.321955'}] count=None
[2025-05-24 20:05:15] ✅ Successfully inserted: Jarret d'anoll
[2025-05-24 20:05:15] Attempting to insert product: {'name': 'Mixt de bull negre i donegal', 'price': 1.1, 'category': 'drinks', 'store_id': 'bonarea', 'quantity': 'aprox. 143 g'}
[2025-05-24 20:05:15] Supabase Response: data=[{'name': 'Mixt de bull negre i donegal', 'price': 1.1, 'category': 'drinks', 'store_id': 'bonarea', 'quantity': 'aprox. 143 g', 'id': '3f81f0df-6c0a-4bab-8efe-f0672d6c2f2a', 'created_at': '2025-05-24T17:05:14.581952'}] count=None
[2025-05-24 20:05:15] ✅ Successfully inserted: Mixt de bull negre i donegal
[2025-05-24 20:05:15] Attempting to insert product: {'name': 'Càpsules Nescafé Dolce Gusto espresso intens', 'price': 4.25, 'category': 'drinks', 'store_id': 'bonarea', 'quantity': '16 u.'}
[2025-05-24 20:05:15] Supabase Response: data=[{'name': 'Càpsules Nescafé Dolce Gusto espresso intens', 'price': 4.25, 'category': 'drinks', 'store_id': 'bonarea', 'quantity': '16 u.', 'id': '34ae0090-4156-40f2-aa9e-56c626c168d5', 'created_at': '2025-05-24T17:05:14.842698'}] count=None
[2025-05-24 20:05:15] ✅ Successfully inserted: Càpsules Nescafé Dolce Gusto espresso intens
[2025-05-24 20:05:16] Attempting to insert product: {'name': 'Salmó adults', 'price': 13.8, 'category': 'drinks', 'store_id': 'bonarea', 'quantity': '10 kg'}
[2025-05-24 20:05:16] Supabase Response: data=[{'name': 'Salmó adults', 'price': 13.8, 'category': 'drinks', 'store_id': 'bonarea', 'quantity': '10 kg', 'id': '2bfbc186-ecb5-4c31-b965-005c3a646439', 'created_at': '2025-05-24T17:05:15.084315'}] count=None
[2025-05-24 20:05:16] ✅ Successfully inserted: Salmó adults
[2025-05-24 20:05:16] Attempting to insert product: {'name': 'Salmó adults', 'price': 4.44, 'category': 'drinks', 'store_id': 'bonarea', 'quantity': '3 kg'}
[2025-05-24 20:05:16] Supabase Response: data=[{'name': 'Salmó adults', 'price': 4.44, 'category': 'drinks', 'store_id': 'bonarea', 'quantity': '3 kg', 'id': '07afe5a9-e26d-4d4e-8fcc-bec0756a56c7', 'created_at': '2025-05-24T17:05:15.319046'}] count=None
[2025-05-24 20:05:16] ✅ Successfully inserted: Salmó adults
[2025-05-24 20:05:16] Attempting to insert product: {'name': 'Original adults', 'price': 13.6, 'category': 'drinks', 'store_id': 'bonarea', 'quantity': '10 kg'}
[2025-05-24 20:05:16] Supabase Response: data=[{'name': 'Original adults', 'price': 13.6, 'category': 'drinks', 'store_id': 'bonarea', 'quantity': '10 kg', 'id': '45a3fcef-1267-4495-974d-7d810e846b9c', 'created_at': '2025-05-24T17:05:15.654393'}] count=None
[2025-05-24 20:05:16] ✅ Successfully inserted: Original adults
[2025-05-24 20:05:16] Attempting to insert product: {'name': 'Original adults', 'price': 4.38, 'category': 'drinks', 'store_id': 'bonarea', 'quantity': '3 kg'}
[2025-05-24 20:05:17] Supabase Response: data=[{'name': 'Original adults', 'price': 4.38, 'category': 'drinks', 'store_id': 'bonarea', 'quantity': '3 kg', 'id': '4f8c8186-5841-4f54-a19d-fd0f20455b69', 'created_at': '2025-05-24T17:05:15.964452'}] count=None
[2025-05-24 20:05:17] ✅ Successfully inserted: Original adults
[2025-05-24 20:05:17] Attempting to insert product: {'name': 'Junior 2-12 mesos', 'price': 15.9, 'category': 'drinks', 'store_id': 'bonarea', 'quantity': '10 kg'}
[2025-05-24 20:05:17] Supabase Response: data=[{'name': 'Junior 2-12 mesos', 'price': 15.9, 'category': 'drinks', 'store_id': 'bonarea', 'quantity': '10 kg', 'id': '035a22ab-83d7-43f3-94f0-3c1f36868be6', 'created_at': '2025-05-24T17:05:16.229918'}] count=None
[2025-05-24 20:05:17] ✅ Successfully inserted: Junior 2-12 mesos
[2025-05-24 20:05:17] Attempting to insert product: {'name': 'Junior 2-12 mesos', 'price': 5.07, 'category': 'drinks', 'store_id': 'bonarea', 'quantity': '3 kg'}
[2025-05-24 20:05:17] Supabase Response: data=[{'name': 'Junior 2-12 mesos', 'price': 5.07, 'category': 'drinks', 'store_id': 'bonarea', 'quantity': '3 kg', 'id': '1863d251-db0c-4851-8346-9d3363b63365', 'created_at': '2025-05-24T17:05:16.581694'}] count=None
[2025-05-24 20:05:17] ✅ Successfully inserted: Junior 2-12 mesos
[2025-05-24 20:05:17] Attempting to insert product: {'name': 'Pit de pollastre groc sencer', 'price': 4.54, 'category': 'drinks', 'store_id': 'bonarea', 'quantity': 'aprox. 693 g'}
[2025-05-24 20:05:18] Supabase Response: data=[{'name': 'Pit de pollastre groc sencer', 'price': 4.54, 'category': 'drinks', 'store_id': 'bonarea', 'quantity': 'aprox. 693 g', 'id': '29070c69-d2fd-442f-af8e-7a01430592d3', 'created_at': '2025-05-24T17:05:16.905858'}] count=None
[2025-05-24 20:05:18] ✅ Successfully inserted: Pit de pollastre groc sencer
[2025-05-24 20:05:18] Attempting to insert product: {'name': 'Pernilets de pollastre groc', 'price': 3.64, 'category': 'drinks', 'store_id': 'bonarea', 'quantity': 'aprox. 1,0 kg'}
[2025-05-24 20:05:18] Supabase Response: data=[{'name': 'Pernilets de pollastre groc', 'price': 3.64, 'category': 'drinks', 'store_id': 'bonarea', 'quantity': 'aprox. 1,0 kg', 'id': '3b3a0783-e1ca-4504-8c41-61de820bd3f6', 'created_at': '2025-05-24T17:05:17.21481'}] count=None
[2025-05-24 20:05:18] ✅ Successfully inserted: Pernilets de pollastre groc
[2025-05-24 20:05:18] Attempting to insert product: {'name': 'Pit de pollastre blanc sencer', 'price': 4.68, 'category': 'drinks', 'store_id': 'bonarea', 'quantity': 'aprox. 715 g'}
[2025-05-24 20:05:18] Supabase Response: data=[{'name': 'Pit de pollastre blanc sencer', 'price': 4.68, 'category': 'drinks', 'store_id': 'bonarea', 'quantity': 'aprox. 715 g', 'id': '8b0d7bbf-d0c0-40e1-a60d-63e7b4e0f021', 'created_at': '2025-05-24T17:05:17.522742'}] count=None
[2025-05-24 20:05:18] ✅ Successfully inserted: Pit de pollastre blanc sencer
[2025-05-24 20:05:18] Attempting to insert product: {'name': 'Pernilets de pollastre blanc', 'price': 3.8, 'category': 'drinks', 'store_id': 'bonarea', 'quantity': 'aprox. 1,1 kg'}
[2025-05-24 20:05:19] Supabase Response: data=[{'name': 'Pernilets de pollastre blanc', 'price': 3.8, 'category': 'drinks', 'store_id': 'bonarea', 'quantity': 'aprox. 1,1 kg', 'id': '63fabed6-55f8-40ac-a874-dde52e9f0c4e', 'created_at': '2025-05-24T17:05:17.808503'}] count=None
[2025-05-24 20:05:19] ✅ Successfully inserted: Pernilets de pollastre blanc
[2025-05-24 20:05:19] Attempting to insert product: {'name': 'Pit de pollastre groc filetejat', 'price': 4.69, 'category': 'drinks', 'store_id': 'bonarea', 'quantity': 'aprox. 660 g'}
[2025-05-24 20:05:19] Supabase Response: data=[{'name': 'Pit de pollastre groc filetejat', 'price': 4.69, 'category': 'drinks', 'store_id': 'bonarea', 'quantity': 'aprox. 660 g', 'id': 'e0e8ea43-21fb-4e05-9583-fa2efa7195c6', 'created_at': '2025-05-24T17:05:18.115121'}] count=None
[2025-05-24 20:05:19] ✅ Successfully inserted: Pit de pollastre groc filetejat
[2025-05-24 20:05:19] Attempting to insert product: {'name': 'Pit de pollastre sencer 65% cereals', 'price': 4.57, 'category': 'drinks', 'store_id': 'bonarea', 'quantity': 'aprox. 605 g'}
[2025-05-24 20:05:19] Supabase Response: data=[{'name': 'Pit de pollastre sencer 65% cereals', 'price': 4.57, 'category': 'drinks', 'store_id': 'bonarea', 'quantity': 'aprox. 605 g', 'id': 'cc61aed0-293b-4624-a84a-875abfe37657', 'created_at': '2025-05-24T17:05:18.397945'}] count=None
[2025-05-24 20:05:19] ✅ Successfully inserted: Pit de pollastre sencer 65% cereals
[2025-05-24 20:05:23] Attempting to insert product: {'name': 'Gaspatxo', 'price': 2.85, 'category': 'drinks', 'store_id': 'bonarea', 'quantity': '1 l'}
[2025-05-24 20:05:23] Supabase Response: data=[{'name': 'Gaspatxo', 'price': 2.85, 'category': 'drinks', 'store_id': 'bonarea', 'quantity': '1 l', 'id': '7f72d87d-a3b0-4139-bd1c-f450b7e8425e', 'created_at': '2025-05-24T17:05:22.420518'}] count=None
[2025-05-24 20:05:23] ✅ Successfully inserted: Gaspatxo
[2025-05-24 20:05:23] Attempting to insert product: {'name': 'Salmorejo', 'price': 3.15, 'category': 'drinks', 'store_id': 'bonarea', 'quantity': '1 l'}
[2025-05-24 20:05:23] Supabase Response: data=[{'name': 'Salmorejo', 'price': 3.15, 'category': 'drinks', 'store_id': 'bonarea', 'quantity': '1 l', 'id': 'a73905ef-59fc-423d-970c-205e4b81ced9', 'created_at': '2025-05-24T17:05:22.721421'}] count=None
[2025-05-24 20:05:23] ✅ Successfully inserted: Salmorejo
[2025-05-24 20:05:23] Attempting to insert product: {'name': 'Gaspatxo bric', 'price': 1.95, 'category': 'drinks', 'store_id': 'bonarea', 'quantity': '1 l'}
[2025-05-24 20:05:24] Supabase Response: data=[{'name': 'Gaspatxo bric', 'price': 1.95, 'category': 'drinks', 'store_id': 'bonarea', 'quantity': '1 l', 'id': '60a51ac8-a9fe-4bcb-9977-28a865c407c7', 'created_at': '2025-05-24T17:05:23.048053'}] count=None
[2025-05-24 20:05:24] ✅ Successfully inserted: Gaspatxo bric
[2025-05-24 20:05:24] Attempting to insert product: {'name': 'Salmorejo bric', 'price': 2.3, 'category': 'drinks', 'store_id': 'bonarea', 'quantity': '1 l'}
[2025-05-24 20:05:24] Supabase Response: data=[{'name': 'Salmorejo bric', 'price': 2.3, 'category': 'drinks', 'store_id': 'bonarea', 'quantity': '1 l', 'id': '86eb5017-3661-40ad-bfdf-884421d55b5c', 'created_at': '2025-05-24T17:05:23.398706'}] count=None
[2025-05-24 20:05:24] ✅ Successfully inserted: Salmorejo bric
[2025-05-24 20:05:24] Attempting to insert product: {'name': 'Gaspatxo estil andalús', 'price': 1.1, 'category': 'drinks', 'store_id': 'bonarea', 'quantity': '300 g'}
[2025-05-24 20:05:24] Supabase Response: data=[{'name': 'Gaspatxo estil andalús', 'price': 1.1, 'category': 'drinks', 'store_id': 'bonarea', 'quantity': '300 g', 'id': 'c4b6f5dc-ecfe-40a9-b1e0-3ea8205a9a38', 'created_at': '2025-05-24T17:05:23.748633'}] count=None
[2025-05-24 20:05:24] ✅ Successfully inserted: Gaspatxo estil andalús
[2025-05-24 20:05:24] Attempting to insert product: {'name': 'Gaspatxo de maduixa', 'price': 1.25, 'category': 'drinks', 'store_id': 'bonarea', 'quantity': '300 g'}
[2025-05-24 20:05:25] Supabase Response: data=[{'name': 'Gaspatxo de maduixa', 'price': 1.25, 'category': 'drinks', 'store_id': 'bonarea', 'quantity': '300 g', 'id': 'b5faa172-34d3-4969-bc9a-8237e8b33a3e', 'created_at': '2025-05-24T17:05:24.052737'}] count=None
[2025-05-24 20:05:25] ✅ Successfully inserted: Gaspatxo de maduixa
[2025-05-24 20:05:25] Attempting to insert product: {'name': 'Hummus', 'price': 0.94, 'category': 'drinks', 'store_id': 'bonarea', 'quantity': '200 g'}
[2025-05-24 20:05:25] Supabase Response: data=[{'name': 'Hummus', 'price': 0.94, 'category': 'drinks', 'store_id': 'bonarea', 'quantity': '200 g', 'id': 'ad0a65ed-91f5-4653-a866-de96c7c2df5d', 'created_at': '2025-05-24T17:05:24.333369'}] count=None
[2025-05-24 20:05:25] ✅ Successfully inserted: Hummus
[2025-05-24 20:05:25] Attempting to insert product: {'name': 'Cap de llom filetejat a la planxa', 'price': 2.4, 'category': 'drinks', 'store_id': 'bonarea', 'quantity': 'aprox. 198 g'}
[2025-05-24 20:05:25] Supabase Response: data=[{'name': 'Cap de llom filetejat a la planxa', 'price': 2.4, 'category': 'drinks', 'store_id': 'bonarea', 'quantity': 'aprox. 198 g', 'id': 'cec688df-a78d-46b1-9158-3e6558fd3e75', 'created_at': '2025-05-24T17:05:24.667662'}] count=None
[2025-05-24 20:05:25] ✅ Successfully inserted: Cap de llom filetejat a la planxa
[2025-05-24 20:05:25] Attempting to insert product: {'name': "Conill d'espatlla d'anoll", 'price': 16.91, 'category': 'drinks', 'store_id': 'bonarea', 'quantity': 'aprox. 1,6 kg'}
[2025-05-24 20:05:26] Supabase Response: data=[{'name': "Conill d'espatlla d'anoll", 'price': 16.91, 'category': 'drinks', 'store_id': 'bonarea', 'quantity': 'aprox. 1,6 kg', 'id': '499b4d18-f0e5-4628-a43c-94f75700c6d7', 'created_at': '2025-05-24T17:05:24.957157'}] count=None
[2025-05-24 20:05:26] ✅ Successfully inserted: Conill d'espatlla d'anoll
[2025-05-24 20:05:26] Attempting to insert product: {'name': "Jarret d'anoll", 'price': 22.76, 'category': 'drinks', 'store_id': 'bonarea', 'quantity': 'aprox. 2,0 kg'}
[2025-05-24 20:05:26] Supabase Response: data=[{'name': "Jarret d'anoll", 'price': 22.76, 'category': 'drinks', 'store_id': 'bonarea', 'quantity': 'aprox. 2,0 kg', 'id': 'f51f4bc0-193f-4dac-9cf7-765a9179b149', 'created_at': '2025-05-24T17:05:25.278107'}] count=None
[2025-05-24 20:05:26] ✅ Successfully inserted: Jarret d'anoll
[2025-05-24 20:05:26] Attempting to insert product: {'name': 'Mixt de bull negre i donegal', 'price': 1.1, 'category': 'drinks', 'store_id': 'bonarea', 'quantity': 'aprox. 143 g'}
[2025-05-24 20:05:26] Supabase Response: data=[{'name': 'Mixt de bull negre i donegal', 'price': 1.1, 'category': 'drinks', 'store_id': 'bonarea', 'quantity': 'aprox. 143 g', 'id': '8d46b346-0c67-4a6d-8c98-2ca85712fcb5', 'created_at': '2025-05-24T17:05:25.570967'}] count=None
[2025-05-24 20:05:26] ✅ Successfully inserted: Mixt de bull negre i donegal
[2025-05-24 20:05:26] Attempting to insert product: {'name': 'Càpsules Nescafé Dolce Gusto espresso intens', 'price': 4.25, 'category': 'drinks', 'store_id': 'bonarea', 'quantity': '16 u.'}
[2025-05-24 20:05:27] Supabase Response: data=[{'name': 'Càpsules Nescafé Dolce Gusto espresso intens', 'price': 4.25, 'category': 'drinks', 'store_id': 'bonarea', 'quantity': '16 u.', 'id': 'bc1f84c7-57b3-4b34-b90a-dad3676aeff4', 'created_at': '2025-05-24T17:05:25.816637'}] count=None
[2025-05-24 20:05:27] ✅ Successfully inserted: Càpsules Nescafé Dolce Gusto espresso intens
[2025-05-24 20:05:27] Attempting to insert product: {'name': 'Salmó adults', 'price': 13.8, 'category': 'drinks', 'store_id': 'bonarea', 'quantity': '10 kg'}
[2025-05-24 20:05:27] Supabase Response: data=[{'name': 'Salmó adults', 'price': 13.8, 'category': 'drinks', 'store_id': 'bonarea', 'quantity': '10 kg', 'id': '79d6f725-32fd-4e6e-b83e-50fb7db9c84b', 'created_at': '2025-05-24T17:05:26.123437'}] count=None
[2025-05-24 20:05:27] ✅ Successfully inserted: Salmó adults
[2025-05-24 20:05:27] Attempting to insert product: {'name': 'Salmó adults', 'price': 4.44, 'category': 'drinks', 'store_id': 'bonarea', 'quantity': '3 kg'}
[2025-05-24 20:05:27] Supabase Response: data=[{'name': 'Salmó adults', 'price': 4.44, 'category': 'drinks', 'store_id': 'bonarea', 'quantity': '3 kg', 'id': 'f1441bcd-1ca3-4604-b926-5d5878498519', 'created_at': '2025-05-24T17:05:26.40797'}] count=None
[2025-05-24 20:05:27] ✅ Successfully inserted: Salmó adults
[2025-05-24 20:05:27] Attempting to insert product: {'name': 'Original adults', 'price': 13.6, 'category': 'drinks', 'store_id': 'bonarea', 'quantity': '10 kg'}
[2025-05-24 20:05:27] Supabase Response: data=[{'name': 'Original adults', 'price': 13.6, 'category': 'drinks', 'store_id': 'bonarea', 'quantity': '10 kg', 'id': 'ea9212e5-9c6c-4c09-a4fc-fb6e787790ae', 'created_at': '2025-05-24T17:05:26.715824'}] count=None
[2025-05-24 20:05:27] ✅ Successfully inserted: Original adults
[2025-05-24 20:05:27] Attempting to insert product: {'name': 'Original adults', 'price': 4.38, 'category': 'drinks', 'store_id': 'bonarea', 'quantity': '3 kg'}
[2025-05-24 20:05:28] Supabase Response: data=[{'name': 'Original adults', 'price': 4.38, 'category': 'drinks', 'store_id': 'bonarea', 'quantity': '3 kg', 'id': '7b4c2bd1-9e71-47d7-9004-99f0d55d8222', 'created_at': '2025-05-24T17:05:27.042147'}] count=None
[2025-05-24 20:05:28] ✅ Successfully inserted: Original adults
[2025-05-24 20:05:28] Attempting to insert product: {'name': 'Junior 2-12 mesos', 'price': 15.9, 'category': 'drinks', 'store_id': 'bonarea', 'quantity': '10 kg'}
[2025-05-24 20:05:28] Supabase Response: data=[{'name': 'Junior 2-12 mesos', 'price': 15.9, 'category': 'drinks', 'store_id': 'bonarea', 'quantity': '10 kg', 'id': 'cb0d5dbd-c7a7-4082-be72-09f18f94866a', 'created_at': '2025-05-24T17:05:27.326425'}] count=None
[2025-05-24 20:05:28] ✅ Successfully inserted: Junior 2-12 mesos
[2025-05-24 20:05:28] Attempting to insert product: {'name': 'Junior 2-12 mesos', 'price': 5.07, 'category': 'drinks', 'store_id': 'bonarea', 'quantity': '3 kg'}
[2025-05-24 20:05:28] Supabase Response: data=[{'name': 'Junior 2-12 mesos', 'price': 5.07, 'category': 'drinks', 'store_id': 'bonarea', 'quantity': '3 kg', 'id': '11a39b2a-a0d2-4e9c-a735-b1c111c74243', 'created_at': '2025-05-24T17:05:27.581138'}] count=None
[2025-05-24 20:05:28] ✅ Successfully inserted: Junior 2-12 mesos
[2025-05-24 20:05:28] Attempting to insert product: {'name': 'Pit de pollastre groc sencer', 'price': 4.54, 'category': 'drinks', 'store_id': 'bonarea', 'quantity': 'aprox. 693 g'}
[2025-05-24 20:05:29] Supabase Response: data=[{'name': 'Pit de pollastre groc sencer', 'price': 4.54, 'category': 'drinks', 'store_id': 'bonarea', 'quantity': 'aprox. 693 g', 'id': '86c881f2-e162-4993-bf2c-59213471dba2', 'created_at': '2025-05-24T17:05:27.837459'}] count=None
[2025-05-24 20:05:29] ✅ Successfully inserted: Pit de pollastre groc sencer
[2025-05-24 20:05:29] Attempting to insert product: {'name': 'Pernilets de pollastre groc', 'price': 3.64, 'category': 'drinks', 'store_id': 'bonarea', 'quantity': 'aprox. 1,0 kg'}
[2025-05-24 20:05:29] Supabase Response: data=[{'name': 'Pernilets de pollastre groc', 'price': 3.64, 'category': 'drinks', 'store_id': 'bonarea', 'quantity': 'aprox. 1,0 kg', 'id': 'ce2962d3-aad5-43e5-8d4b-8f9c2db4f5ac', 'created_at': '2025-05-24T17:05:28.134351'}] count=None
[2025-05-24 20:05:29] ✅ Successfully inserted: Pernilets de pollastre groc
[2025-05-24 20:05:29] Attempting to insert product: {'name': 'Pit de pollastre blanc sencer', 'price': 4.68, 'category': 'drinks', 'store_id': 'bonarea', 'quantity': 'aprox. 715 g'}
[2025-05-24 20:05:29] Supabase Response: data=[{'name': 'Pit de pollastre blanc sencer', 'price': 4.68, 'category': 'drinks', 'store_id': 'bonarea', 'quantity': 'aprox. 715 g', 'id': '7b3588fa-1d2e-46fd-8e50-fc4babe76ae0', 'created_at': '2025-05-24T17:05:28.383345'}] count=None
[2025-05-24 20:05:29] ✅ Successfully inserted: Pit de pollastre blanc sencer
[2025-05-24 20:05:29] Attempting to insert product: {'name': 'Pernilets de pollastre blanc', 'price': 3.8, 'category': 'drinks', 'store_id': 'bonarea', 'quantity': 'aprox. 1,1 kg'}
[2025-05-24 20:05:29] Supabase Response: data=[{'name': 'Pernilets de pollastre blanc', 'price': 3.8, 'category': 'drinks', 'store_id': 'bonarea', 'quantity': 'aprox. 1,1 kg', 'id': '66e08c18-fd66-476b-8215-dda94054618c', 'created_at': '2025-05-24T17:05:28.664395'}] count=None
[2025-05-24 20:05:29] ✅ Successfully inserted: Pernilets de pollastre blanc
[2025-05-24 20:05:29] Attempting to insert product: {'name': 'Pit de pollastre groc filetejat', 'price': 4.69, 'category': 'drinks', 'store_id': 'bonarea', 'quantity': 'aprox. 660 g'}
[2025-05-24 20:05:30] Supabase Response: data=[{'name': 'Pit de pollastre groc filetejat', 'price': 4.69, 'category': 'drinks', 'store_id': 'bonarea', 'quantity': 'aprox. 660 g', 'id': '0ded6869-c6e2-4afc-b130-cd9285b100f2', 'created_at': '2025-05-24T17:05:28.976005'}] count=None
[2025-05-24 20:05:30] ✅ Successfully inserted: Pit de pollastre groc filetejat
[2025-05-24 20:05:30] Attempting to insert product: {'name': 'Pit de pollastre sencer 65% cereals', 'price': 4.57, 'category': 'drinks', 'store_id': 'bonarea', 'quantity': 'aprox. 605 g'}
[2025-05-24 20:05:30] Supabase Response: data=[{'name': 'Pit de pollastre sencer 65% cereals', 'price': 4.57, 'category': 'drinks', 'store_id': 'bonarea', 'quantity': 'aprox. 605 g', 'id': '00cb9aaa-4a31-4569-b1ce-e5192e696496', 'created_at': '2025-05-24T17:05:29.277873'}] count=None
[2025-05-24 20:05:30] ✅ Successfully inserted: Pit de pollastre sencer 65% cereals
[2025-05-24 20:05:34] Attempting to insert product: {'name': 'Gaspatxo', 'price': 2.85, 'category': 'drinks', 'store_id': 'bonarea', 'quantity': '1 l'}
[2025-05-24 20:05:34] Supabase Response: data=[{'name': 'Gaspatxo', 'price': 2.85, 'category': 'drinks', 'store_id': 'bonarea', 'quantity': '1 l', 'id': '73529b59-bc28-46cf-b578-fd5c40c1961c', 'created_at': '2025-05-24T17:05:33.325639'}] count=None
[2025-05-24 20:05:34] ✅ Successfully inserted: Gaspatxo
[2025-05-24 20:05:34] Attempting to insert product: {'name': 'Salmorejo', 'price': 3.15, 'category': 'drinks', 'store_id': 'bonarea', 'quantity': '1 l'}
[2025-05-24 20:05:34] Supabase Response: data=[{'name': 'Salmorejo', 'price': 3.15, 'category': 'drinks', 'store_id': 'bonarea', 'quantity': '1 l', 'id': '7e422eab-3324-4e92-96d9-49e597ead6c3', 'created_at': '2025-05-24T17:05:33.705316'}] count=None
[2025-05-24 20:05:34] ✅ Successfully inserted: Salmorejo
[2025-05-24 20:05:34] Attempting to insert product: {'name': 'Gaspatxo bric', 'price': 1.95, 'category': 'drinks', 'store_id': 'bonarea', 'quantity': '1 l'}
[2025-05-24 20:05:35] Supabase Response: data=[{'name': 'Gaspatxo bric', 'price': 1.95, 'category': 'drinks', 'store_id': 'bonarea', 'quantity': '1 l', 'id': '50cd3c3b-479c-4b3c-8878-760956ff8316', 'created_at': '2025-05-24T17:05:33.950984'}] count=None
[2025-05-24 20:05:35] ✅ Successfully inserted: Gaspatxo bric
[2025-05-24 20:05:35] Attempting to insert product: {'name': 'Salmorejo bric', 'price': 2.3, 'category': 'drinks', 'store_id': 'bonarea', 'quantity': '1 l'}
[2025-05-24 20:05:35] Supabase Response: data=[{'name': 'Salmorejo bric', 'price': 2.3, 'category': 'drinks', 'store_id': 'bonarea', 'quantity': '1 l', 'id': '0ab64154-94a2-40d1-be5a-1806de860b9d', 'created_at': '2025-05-24T17:05:34.194737'}] count=None
[2025-05-24 20:05:35] ✅ Successfully inserted: Salmorejo bric
[2025-05-24 20:05:35] Attempting to insert product: {'name': 'Gaspatxo estil andalús', 'price': 1.1, 'category': 'drinks', 'store_id': 'bonarea', 'quantity': '300 g'}
[2025-05-24 20:05:35] Supabase Response: data=[{'name': 'Gaspatxo estil andalús', 'price': 1.1, 'category': 'drinks', 'store_id': 'bonarea', 'quantity': '300 g', 'id': 'a1b5a30c-925a-4ce9-848b-bb80ae3076ec', 'created_at': '2025-05-24T17:05:34.434735'}] count=None
[2025-05-24 20:05:35] ✅ Successfully inserted: Gaspatxo estil andalús
[2025-05-24 20:05:35] Attempting to insert product: {'name': 'Gaspatxo de maduixa', 'price': 1.25, 'category': 'drinks', 'store_id': 'bonarea', 'quantity': '300 g'}
[2025-05-24 20:05:35] Supabase Response: data=[{'name': 'Gaspatxo de maduixa', 'price': 1.25, 'category': 'drinks', 'store_id': 'bonarea', 'quantity': '300 g', 'id': '2a1c335a-e175-420f-aed0-85ced65b2ea9', 'created_at': '2025-05-24T17:05:34.69435'}] count=None
[2025-05-24 20:05:35] ✅ Successfully inserted: Gaspatxo de maduixa
[2025-05-24 20:05:35] Attempting to insert product: {'name': 'Hummus', 'price': 0.94, 'category': 'drinks', 'store_id': 'bonarea', 'quantity': '200 g'}
[2025-05-24 20:05:36] Supabase Response: data=[{'name': 'Hummus', 'price': 0.94, 'category': 'drinks', 'store_id': 'bonarea', 'quantity': '200 g', 'id': 'b35f89b3-8272-4b1e-917a-41da9ce1c6c3', 'created_at': '2025-05-24T17:05:34.940598'}] count=None
[2025-05-24 20:05:36] ✅ Successfully inserted: Hummus
[2025-05-24 20:05:36] Attempting to insert product: {'name': 'Cap de llom filetejat a la planxa', 'price': 2.4, 'category': 'drinks', 'store_id': 'bonarea', 'quantity': 'aprox. 198 g'}
[2025-05-24 20:05:36] Supabase Response: data=[{'name': 'Cap de llom filetejat a la planxa', 'price': 2.4, 'category': 'drinks', 'store_id': 'bonarea', 'quantity': 'aprox. 198 g', 'id': '6b1d0b4e-d1f6-49e4-b706-bf64ba0d5f39', 'created_at': '2025-05-24T17:05:35.206599'}] count=None
[2025-05-24 20:05:36] ✅ Successfully inserted: Cap de llom filetejat a la planxa
[2025-05-24 20:05:36] Attempting to insert product: {'name': "Conill d'espatlla d'anoll", 'price': 16.91, 'category': 'drinks', 'store_id': 'bonarea', 'quantity': 'aprox. 1,6 kg'}
[2025-05-24 20:05:36] Supabase Response: data=[{'name': "Conill d'espatlla d'anoll", 'price': 16.91, 'category': 'drinks', 'store_id': 'bonarea', 'quantity': 'aprox. 1,6 kg', 'id': 'ce5b0004-32b6-4221-96a6-0c8a319d4d3a', 'created_at': '2025-05-24T17:05:35.481409'}] count=None
[2025-05-24 20:05:36] ✅ Successfully inserted: Conill d'espatlla d'anoll
[2025-05-24 20:05:36] Attempting to insert product: {'name': "Jarret d'anoll", 'price': 22.76, 'category': 'drinks', 'store_id': 'bonarea', 'quantity': 'aprox. 2,0 kg'}
[2025-05-24 20:05:36] Supabase Response: data=[{'name': "Jarret d'anoll", 'price': 22.76, 'category': 'drinks', 'store_id': 'bonarea', 'quantity': 'aprox. 2,0 kg', 'id': '626c2de6-e449-4bd6-96c2-dbe78a4e9156', 'created_at': '2025-05-24T17:05:35.728733'}] count=None
[2025-05-24 20:05:36] ✅ Successfully inserted: Jarret d'anoll
[2025-05-24 20:05:36] Attempting to insert product: {'name': 'Mixt de bull negre i donegal', 'price': 1.1, 'category': 'drinks', 'store_id': 'bonarea', 'quantity': 'aprox. 143 g'}
[2025-05-24 20:05:37] Supabase Response: data=[{'name': 'Mixt de bull negre i donegal', 'price': 1.1, 'category': 'drinks', 'store_id': 'bonarea', 'quantity': 'aprox. 143 g', 'id': '2b54134e-5494-4f79-85a8-e3c1256127e8', 'created_at': '2025-05-24T17:05:36.029251'}] count=None
[2025-05-24 20:05:37] ✅ Successfully inserted: Mixt de bull negre i donegal
[2025-05-24 20:05:37] Attempting to insert product: {'name': 'Càpsules Nescafé Dolce Gusto espresso intens', 'price': 4.25, 'category': 'drinks', 'store_id': 'bonarea', 'quantity': '16 u.'}
[2025-05-24 20:05:37] Supabase Response: data=[{'name': 'Càpsules Nescafé Dolce Gusto espresso intens', 'price': 4.25, 'category': 'drinks', 'store_id': 'bonarea', 'quantity': '16 u.', 'id': 'e17aef88-38f5-4f11-92e7-b330ee631ace', 'created_at': '2025-05-24T17:05:36.340019'}] count=None
[2025-05-24 20:05:37] ✅ Successfully inserted: Càpsules Nescafé Dolce Gusto espresso intens
[2025-05-24 20:05:37] Attempting to insert product: {'name': 'Salmó adults', 'price': 13.8, 'category': 'drinks', 'store_id': 'bonarea', 'quantity': '10 kg'}
[2025-05-24 20:05:37] Supabase Response: data=[{'name': 'Salmó adults', 'price': 13.8, 'category': 'drinks', 'store_id': 'bonarea', 'quantity': '10 kg', 'id': '5006a8f7-0b8e-421a-b5c2-0a6daafb39ef', 'created_at': '2025-05-24T17:05:36.666335'}] count=None
[2025-05-24 20:05:37] ✅ Successfully inserted: Salmó adults
[2025-05-24 20:05:37] Attempting to insert product: {'name': 'Salmó adults', 'price': 4.44, 'category': 'drinks', 'store_id': 'bonarea', 'quantity': '3 kg'}
[2025-05-24 20:05:38] Supabase Response: data=[{'name': 'Salmó adults', 'price': 4.44, 'category': 'drinks', 'store_id': 'bonarea', 'quantity': '3 kg', 'id': '425bcb3d-8cfc-45a4-b1dd-449b14a6103e', 'created_at': '2025-05-24T17:05:36.957582'}] count=None
[2025-05-24 20:05:38] ✅ Successfully inserted: Salmó adults
[2025-05-24 20:05:38] Attempting to insert product: {'name': 'Original adults', 'price': 13.6, 'category': 'drinks', 'store_id': 'bonarea', 'quantity': '10 kg'}
[2025-05-24 20:05:38] Supabase Response: data=[{'name': 'Original adults', 'price': 13.6, 'category': 'drinks', 'store_id': 'bonarea', 'quantity': '10 kg', 'id': 'aefb0f40-81c5-4b72-87d6-59ba1eb83c10', 'created_at': '2025-05-24T17:05:37.323676'}] count=None
[2025-05-24 20:05:38] ✅ Successfully inserted: Original adults
[2025-05-24 20:05:38] Attempting to insert product: {'name': 'Original adults', 'price': 4.38, 'category': 'drinks', 'store_id': 'bonarea', 'quantity': '3 kg'}
[2025-05-24 20:05:38] Supabase Response: data=[{'name': 'Original adults', 'price': 4.38, 'category': 'drinks', 'store_id': 'bonarea', 'quantity': '3 kg', 'id': '918fd1e1-c6c0-4339-bbbc-cde3de3a1f97', 'created_at': '2025-05-24T17:05:37.564429'}] count=None
[2025-05-24 20:05:38] ✅ Successfully inserted: Original adults
[2025-05-24 20:05:38] Attempting to insert product: {'name': 'Junior 2-12 mesos', 'price': 15.9, 'category': 'drinks', 'store_id': 'bonarea', 'quantity': '10 kg'}
[2025-05-24 20:05:39] Supabase Response: data=[{'name': 'Junior 2-12 mesos', 'price': 15.9, 'category': 'drinks', 'store_id': 'bonarea', 'quantity': '10 kg', 'id': 'b3fb946d-fbcb-4f08-8d11-d7ad066f1eea', 'created_at': '2025-05-24T17:05:37.810094'}] count=None
[2025-05-24 20:05:39] ✅ Successfully inserted: Junior 2-12 mesos
[2025-05-24 20:05:39] Attempting to insert product: {'name': 'Junior 2-12 mesos', 'price': 5.07, 'category': 'drinks', 'store_id': 'bonarea', 'quantity': '3 kg'}
[2025-05-24 20:05:39] Supabase Response: data=[{'name': 'Junior 2-12 mesos', 'price': 5.07, 'category': 'drinks', 'store_id': 'bonarea', 'quantity': '3 kg', 'id': 'b1ed8555-4368-4d5a-bf75-4d232e9dff8b', 'created_at': '2025-05-24T17:05:38.187082'}] count=None
[2025-05-24 20:05:39] ✅ Successfully inserted: Junior 2-12 mesos
[2025-05-24 20:05:39] Attempting to insert product: {'name': 'Pit de pollastre groc sencer', 'price': 4.54, 'category': 'drinks', 'store_id': 'bonarea', 'quantity': 'aprox. 693 g'}
[2025-05-24 20:05:39] Supabase Response: data=[{'name': 'Pit de pollastre groc sencer', 'price': 4.54, 'category': 'drinks', 'store_id': 'bonarea', 'quantity': 'aprox. 693 g', 'id': '9ffbcf0b-3d48-423b-8bee-74246c1ced80', 'created_at': '2025-05-24T17:05:38.502379'}] count=None
[2025-05-24 20:05:39] ✅ Successfully inserted: Pit de pollastre groc sencer
[2025-05-24 20:05:39] Attempting to insert product: {'name': 'Pernilets de pollastre groc', 'price': 3.64, 'category': 'drinks', 'store_id': 'bonarea', 'quantity': 'aprox. 1,0 kg'}
[2025-05-24 20:05:39] Supabase Response: data=[{'name': 'Pernilets de pollastre groc', 'price': 3.64, 'category': 'drinks', 'store_id': 'bonarea', 'quantity': 'aprox. 1,0 kg', 'id': 'cec11c31-fea2-49f1-a7b4-28dc34b93f9f', 'created_at': '2025-05-24T17:05:38.822229'}] count=None
[2025-05-24 20:05:39] ✅ Successfully inserted: Pernilets de pollastre groc
[2025-05-24 20:05:40] Attempting to insert product: {'name': 'Pit de pollastre blanc sencer', 'price': 4.68, 'category': 'drinks', 'store_id': 'bonarea', 'quantity': 'aprox. 715 g'}
[2025-05-24 20:05:40] Supabase Response: data=[{'name': 'Pit de pollastre blanc sencer', 'price': 4.68, 'category': 'drinks', 'store_id': 'bonarea', 'quantity': 'aprox. 715 g', 'id': '42eebd9e-5203-4bd8-93d2-e75b7848f461', 'created_at': '2025-05-24T17:05:39.088481'}] count=None
[2025-05-24 20:05:40] ✅ Successfully inserted: Pit de pollastre blanc sencer
[2025-05-24 20:05:40] Attempting to insert product: {'name': 'Pernilets de pollastre blanc', 'price': 3.8, 'category': 'drinks', 'store_id': 'bonarea', 'quantity': 'aprox. 1,1 kg'}
[2025-05-24 20:05:40] Supabase Response: data=[{'name': 'Pernilets de pollastre blanc', 'price': 3.8, 'category': 'drinks', 'store_id': 'bonarea', 'quantity': 'aprox. 1,1 kg', 'id': 'a24e3499-d6d5-4bb1-acbe-cfc09d73bdc9', 'created_at': '2025-05-24T17:05:39.332917'}] count=None
[2025-05-24 20:05:40] ✅ Successfully inserted: Pernilets de pollastre blanc
[2025-05-24 20:05:40] Attempting to insert product: {'name': 'Pit de pollastre groc filetejat', 'price': 4.69, 'category': 'drinks', 'store_id': 'bonarea', 'quantity': 'aprox. 660 g'}
[2025-05-24 20:05:40] Supabase Response: data=[{'name': 'Pit de pollastre groc filetejat', 'price': 4.69, 'category': 'drinks', 'store_id': 'bonarea', 'quantity': 'aprox. 660 g', 'id': '7b9d7d28-6604-494f-a54a-8dc18182c0ca', 'created_at': '2025-05-24T17:05:39.637845'}] count=None
[2025-05-24 20:05:40] ✅ Successfully inserted: Pit de pollastre groc filetejat
[2025-05-24 20:05:40] Attempting to insert product: {'name': 'Pit de pollastre sencer 65% cereals', 'price': 4.57, 'category': 'drinks', 'store_id': 'bonarea', 'quantity': 'aprox. 605 g'}
[2025-05-24 20:05:41] Supabase Response: data=[{'name': 'Pit de pollastre sencer 65% cereals', 'price': 4.57, 'category': 'drinks', 'store_id': 'bonarea', 'quantity': 'aprox. 605 g', 'id': 'b970023e-b6a2-4f82-a8a4-a6f3fdbe1f14', 'created_at': '2025-05-24T17:05:39.930294'}] count=None
[2025-05-24 20:05:41] ✅ Successfully inserted: Pit de pollastre sencer 65% cereals
[2025-05-24 20:05:44] Attempting to insert product: {'name': 'Gaspatxo', 'price': 2.85, 'category': 'drinks', 'store_id': 'bonarea', 'quantity': '1 l'}
[2025-05-24 20:05:45] Supabase Response: data=[{'name': 'Gaspatxo', 'price': 2.85, 'category': 'drinks', 'store_id': 'bonarea', 'quantity': '1 l', 'id': '29e9cac0-2ae8-47d2-8abd-80278cc42099', 'created_at': '2025-05-24T17:05:43.968142'}] count=None
[2025-05-24 20:05:45] ✅ Successfully inserted: Gaspatxo
[2025-05-24 20:05:45] Attempting to insert product: {'name': 'Salmorejo', 'price': 3.15, 'category': 'drinks', 'store_id': 'bonarea', 'quantity': '1 l'}
[2025-05-24 20:05:45] Supabase Response: data=[{'name': 'Salmorejo', 'price': 3.15, 'category': 'drinks', 'store_id': 'bonarea', 'quantity': '1 l', 'id': '246d4875-9387-45cc-a03a-c7893816c4c0', 'created_at': '2025-05-24T17:05:44.205599'}] count=None
[2025-05-24 20:05:45] ✅ Successfully inserted: Salmorejo
[2025-05-24 20:05:45] Attempting to insert product: {'name': 'Gaspatxo bric', 'price': 1.95, 'category': 'drinks', 'store_id': 'bonarea', 'quantity': '1 l'}
[2025-05-24 20:05:45] Supabase Response: data=[{'name': 'Gaspatxo bric', 'price': 1.95, 'category': 'drinks', 'store_id': 'bonarea', 'quantity': '1 l', 'id': '10120aab-ac81-4d87-8bb7-74db1d48d68f', 'created_at': '2025-05-24T17:05:44.444698'}] count=None
[2025-05-24 20:05:45] ✅ Successfully inserted: Gaspatxo bric
[2025-05-24 20:05:45] Attempting to insert product: {'name': 'Salmorejo bric', 'price': 2.3, 'category': 'drinks', 'store_id': 'bonarea', 'quantity': '1 l'}
[2025-05-24 20:05:45] Supabase Response: data=[{'name': 'Salmorejo bric', 'price': 2.3, 'category': 'drinks', 'store_id': 'bonarea', 'quantity': '1 l', 'id': '08051803-4117-441c-b92e-f65c6bfc84b4', 'created_at': '2025-05-24T17:05:44.700787'}] count=None
[2025-05-24 20:05:45] ✅ Successfully inserted: Salmorejo bric
[2025-05-24 20:05:45] Attempting to insert product: {'name': 'Gaspatxo estil andalús', 'price': 1.1, 'category': 'drinks', 'store_id': 'bonarea', 'quantity': '300 g'}
[2025-05-24 20:05:46] Supabase Response: data=[{'name': 'Gaspatxo estil andalús', 'price': 1.1, 'category': 'drinks', 'store_id': 'bonarea', 'quantity': '300 g', 'id': 'd6968603-7359-4269-85d0-b5a8a0bb3087', 'created_at': '2025-05-24T17:05:44.942302'}] count=None
[2025-05-24 20:05:46] ✅ Successfully inserted: Gaspatxo estil andalús
[2025-05-24 20:05:46] Attempting to insert product: {'name': 'Gaspatxo de maduixa', 'price': 1.25, 'category': 'drinks', 'store_id': 'bonarea', 'quantity': '300 g'}
[2025-05-24 20:05:46] Supabase Response: data=[{'name': 'Gaspatxo de maduixa', 'price': 1.25, 'category': 'drinks', 'store_id': 'bonarea', 'quantity': '300 g', 'id': 'e2714d5e-196d-4212-8a27-2e9dbfe090d9', 'created_at': '2025-05-24T17:05:45.187533'}] count=None
[2025-05-24 20:05:46] ✅ Successfully inserted: Gaspatxo de maduixa
[2025-05-24 20:05:46] Attempting to insert product: {'name': 'Hummus', 'price': 0.94, 'category': 'drinks', 'store_id': 'bonarea', 'quantity': '200 g'}
[2025-05-24 20:05:46] Supabase Response: data=[{'name': 'Hummus', 'price': 0.94, 'category': 'drinks', 'store_id': 'bonarea', 'quantity': '200 g', 'id': '10942175-b87c-4e46-b48a-51e43132e9b0', 'created_at': '2025-05-24T17:05:45.435032'}] count=None
[2025-05-24 20:05:46] ✅ Successfully inserted: Hummus
[2025-05-24 20:05:46] Attempting to insert product: {'name': 'Cap de llom filetejat a la planxa', 'price': 2.4, 'category': 'drinks', 'store_id': 'bonarea', 'quantity': 'aprox. 198 g'}
[2025-05-24 20:05:46] Supabase Response: data=[{'name': 'Cap de llom filetejat a la planxa', 'price': 2.4, 'category': 'drinks', 'store_id': 'bonarea', 'quantity': 'aprox. 198 g', 'id': '64dc4da4-ef23-4cf8-b910-33a35c1dd4d3', 'created_at': '2025-05-24T17:05:45.705158'}] count=None
[2025-05-24 20:05:46] ✅ Successfully inserted: Cap de llom filetejat a la planxa
[2025-05-24 20:05:46] Attempting to insert product: {'name': "Conill d'espatlla d'anoll", 'price': 16.91, 'category': 'drinks', 'store_id': 'bonarea', 'quantity': 'aprox. 1,6 kg'}
[2025-05-24 20:05:47] Supabase Response: data=[{'name': "Conill d'espatlla d'anoll", 'price': 16.91, 'category': 'drinks', 'store_id': 'bonarea', 'quantity': 'aprox. 1,6 kg', 'id': '4c3da31c-4a7a-4b4c-b8f9-8eef886f3a52', 'created_at': '2025-05-24T17:05:45.948014'}] count=None
[2025-05-24 20:05:47] ✅ Successfully inserted: Conill d'espatlla d'anoll
[2025-05-24 20:05:47] Attempting to insert product: {'name': "Jarret d'anoll", 'price': 22.76, 'category': 'drinks', 'store_id': 'bonarea', 'quantity': 'aprox. 2,0 kg'}
[2025-05-24 20:05:47] Supabase Response: data=[{'name': "Jarret d'anoll", 'price': 22.76, 'category': 'drinks', 'store_id': 'bonarea', 'quantity': 'aprox. 2,0 kg', 'id': '22614251-b9f9-4597-9a61-9b5f91d515a9', 'created_at': '2025-05-24T17:05:46.340762'}] count=None
[2025-05-24 20:05:47] ✅ Successfully inserted: Jarret d'anoll
[2025-05-24 20:05:47] Attempting to insert product: {'name': 'Mixt de bull negre i donegal', 'price': 1.1, 'category': 'drinks', 'store_id': 'bonarea', 'quantity': 'aprox. 143 g'}
[2025-05-24 20:05:47] Supabase Response: data=[{'name': 'Mixt de bull negre i donegal', 'price': 1.1, 'category': 'drinks', 'store_id': 'bonarea', 'quantity': 'aprox. 143 g', 'id': 'a696bf07-c8b9-43b7-a8e6-7ed608ae6e05', 'created_at': '2025-05-24T17:05:46.594277'}] count=None
[2025-05-24 20:05:47] ✅ Successfully inserted: Mixt de bull negre i donegal
[2025-05-24 20:05:47] Attempting to insert product: {'name': 'Càpsules Nescafé Dolce Gusto espresso intens', 'price': 4.25, 'category': 'drinks', 'store_id': 'bonarea', 'quantity': '16 u.'}
[2025-05-24 20:05:48] Supabase Response: data=[{'name': 'Càpsules Nescafé Dolce Gusto espresso intens', 'price': 4.25, 'category': 'drinks', 'store_id': 'bonarea', 'quantity': '16 u.', 'id': 'fe3216c0-bfdb-40f0-ad97-8b17c48dacfc', 'created_at': '2025-05-24T17:05:46.889833'}] count=None
[2025-05-24 20:05:48] ✅ Successfully inserted: Càpsules Nescafé Dolce Gusto espresso intens
[2025-05-24 20:05:48] Attempting to insert product: {'name': 'Salmó adults', 'price': 13.8, 'category': 'drinks', 'store_id': 'bonarea', 'quantity': '10 kg'}
[2025-05-24 20:05:48] Supabase Response: data=[{'name': 'Salmó adults', 'price': 13.8, 'category': 'drinks', 'store_id': 'bonarea', 'quantity': '10 kg', 'id': '2cbe6d21-24b8-437f-b68f-bddad58a4e8e', 'created_at': '2025-05-24T17:05:47.221631'}] count=None
[2025-05-24 20:05:48] ✅ Successfully inserted: Salmó adults
[2025-05-24 20:05:48] Attempting to insert product: {'name': 'Salmó adults', 'price': 4.44, 'category': 'drinks', 'store_id': 'bonarea', 'quantity': '3 kg'}
[2025-05-24 20:05:48] Supabase Response: data=[{'name': 'Salmó adults', 'price': 4.44, 'category': 'drinks', 'store_id': 'bonarea', 'quantity': '3 kg', 'id': 'd3742478-15b9-43e2-b122-f3bfd9dec657', 'created_at': '2025-05-24T17:05:47.526801'}] count=None
[2025-05-24 20:05:48] ✅ Successfully inserted: Salmó adults
[2025-05-24 20:05:48] Attempting to insert product: {'name': 'Original adults', 'price': 13.6, 'category': 'drinks', 'store_id': 'bonarea', 'quantity': '10 kg'}
[2025-05-24 20:05:49] Supabase Response: data=[{'name': 'Original adults', 'price': 13.6, 'category': 'drinks', 'store_id': 'bonarea', 'quantity': '10 kg', 'id': 'cf7d0f04-52aa-4753-86f8-2cebe5474405', 'created_at': '2025-05-24T17:05:47.82386'}] count=None
[2025-05-24 20:05:49] ✅ Successfully inserted: Original adults
[2025-05-24 20:05:49] Attempting to insert product: {'name': 'Original adults', 'price': 4.38, 'category': 'drinks', 'store_id': 'bonarea', 'quantity': '3 kg'}
[2025-05-24 20:05:49] Supabase Response: data=[{'name': 'Original adults', 'price': 4.38, 'category': 'drinks', 'store_id': 'bonarea', 'quantity': '3 kg', 'id': 'fc96c7c2-0ebe-4489-a13a-3d568f5d0d3e', 'created_at': '2025-05-24T17:05:48.108196'}] count=None
[2025-05-24 20:05:49] ✅ Successfully inserted: Original adults
[2025-05-24 20:05:49] Attempting to insert product: {'name': 'Junior 2-12 mesos', 'price': 15.9, 'category': 'drinks', 'store_id': 'bonarea', 'quantity': '10 kg'}
[2025-05-24 20:05:49] Supabase Response: data=[{'name': 'Junior 2-12 mesos', 'price': 15.9, 'category': 'drinks', 'store_id': 'bonarea', 'quantity': '10 kg', 'id': 'edc0dd34-7d2a-4dbc-879d-94f1a8bc6a38', 'created_at': '2025-05-24T17:05:48.344037'}] count=None
[2025-05-24 20:05:49] ✅ Successfully inserted: Junior 2-12 mesos
[2025-05-24 20:05:49] Attempting to insert product: {'name': 'Junior 2-12 mesos', 'price': 5.07, 'category': 'drinks', 'store_id': 'bonarea', 'quantity': '3 kg'}
[2025-05-24 20:05:49] Supabase Response: data=[{'name': 'Junior 2-12 mesos', 'price': 5.07, 'category': 'drinks', 'store_id': 'bonarea', 'quantity': '3 kg', 'id': '00b6cb53-0df0-46ca-8c59-bcf44d1b48a6', 'created_at': '2025-05-24T17:05:48.587524'}] count=None
[2025-05-24 20:05:49] ✅ Successfully inserted: Junior 2-12 mesos
[2025-05-24 20:05:49] Attempting to insert product: {'name': 'Pit de pollastre groc sencer', 'price': 4.54, 'category': 'drinks', 'store_id': 'bonarea', 'quantity': 'aprox. 693 g'}
[2025-05-24 20:05:49] Supabase Response: data=[{'name': 'Pit de pollastre groc sencer', 'price': 4.54, 'category': 'drinks', 'store_id': 'bonarea', 'quantity': 'aprox. 693 g', 'id': '80ac46ea-80c6-47ec-b668-3c6de3132508', 'created_at': '2025-05-24T17:05:48.837119'}] count=None
[2025-05-24 20:05:49] ✅ Successfully inserted: Pit de pollastre groc sencer
[2025-05-24 20:05:50] Attempting to insert product: {'name': 'Pernilets de pollastre groc', 'price': 3.64, 'category': 'drinks', 'store_id': 'bonarea', 'quantity': 'aprox. 1,0 kg'}
[2025-05-24 20:05:50] Supabase Response: data=[{'name': 'Pernilets de pollastre groc', 'price': 3.64, 'category': 'drinks', 'store_id': 'bonarea', 'quantity': 'aprox. 1,0 kg', 'id': 'b2efd3d4-1d66-481a-86ca-053a8af244fd', 'created_at': '2025-05-24T17:05:49.076687'}] count=None
[2025-05-24 20:05:50] ✅ Successfully inserted: Pernilets de pollastre groc
[2025-05-24 20:05:50] Attempting to insert product: {'name': 'Pit de pollastre blanc sencer', 'price': 4.68, 'category': 'drinks', 'store_id': 'bonarea', 'quantity': 'aprox. 715 g'}
[2025-05-24 20:05:50] Supabase Response: data=[{'name': 'Pit de pollastre blanc sencer', 'price': 4.68, 'category': 'drinks', 'store_id': 'bonarea', 'quantity': 'aprox. 715 g', 'id': 'ad4eeb4e-caf1-4e6b-9d82-9f2a061d3f78', 'created_at': '2025-05-24T17:05:49.341133'}] count=None
[2025-05-24 20:05:50] ✅ Successfully inserted: Pit de pollastre blanc sencer
[2025-05-24 20:05:50] Attempting to insert product: {'name': 'Pernilets de pollastre blanc', 'price': 3.8, 'category': 'drinks', 'store_id': 'bonarea', 'quantity': 'aprox. 1,1 kg'}
[2025-05-24 20:05:50] Supabase Response: data=[{'name': 'Pernilets de pollastre blanc', 'price': 3.8, 'category': 'drinks', 'store_id': 'bonarea', 'quantity': 'aprox. 1,1 kg', 'id': '3129fc3f-b07b-401c-8d18-66a00ce1c4b3', 'created_at': '2025-05-24T17:05:49.578938'}] count=None
[2025-05-24 20:05:50] ✅ Successfully inserted: Pernilets de pollastre blanc
[2025-05-24 20:05:50] Attempting to insert product: {'name': 'Pit de pollastre groc filetejat', 'price': 4.69, 'category': 'drinks', 'store_id': 'bonarea', 'quantity': 'aprox. 660 g'}
[2025-05-24 20:05:51] Supabase Response: data=[{'name': 'Pit de pollastre groc filetejat', 'price': 4.69, 'category': 'drinks', 'store_id': 'bonarea', 'quantity': 'aprox. 660 g', 'id': 'e7593239-afeb-4341-8b3b-a95749b6a37c', 'created_at': '2025-05-24T17:05:49.831921'}] count=None
[2025-05-24 20:05:51] ✅ Successfully inserted: Pit de pollastre groc filetejat
[2025-05-24 20:05:51] Attempting to insert product: {'name': 'Pit de pollastre sencer 65% cereals', 'price': 4.57, 'category': 'drinks', 'store_id': 'bonarea', 'quantity': 'aprox. 605 g'}
[2025-05-24 20:05:51] Supabase Response: data=[{'name': 'Pit de pollastre sencer 65% cereals', 'price': 4.57, 'category': 'drinks', 'store_id': 'bonarea', 'quantity': 'aprox. 605 g', 'id': '03407f79-3dd1-4ccd-a0f1-72e3e04da938', 'created_at': '2025-05-24T17:05:50.099071'}] count=None
[2025-05-24 20:05:51] ✅ Successfully inserted: Pit de pollastre sencer 65% cereals
[2025-05-24 20:05:55] Attempting to insert product: {'name': 'Gaspatxo', 'price': 2.85, 'category': 'drinks', 'store_id': 'bonarea', 'quantity': '1 l'}
[2025-05-24 20:05:55] Supabase Response: data=[{'name': 'Gaspatxo', 'price': 2.85, 'category': 'drinks', 'store_id': 'bonarea', 'quantity': '1 l', 'id': 'aeccb08e-a089-457b-bee7-ec8de3f634aa', 'created_at': '2025-05-24T17:05:54.210525'}] count=None
[2025-05-24 20:05:55] ✅ Successfully inserted: Gaspatxo
[2025-05-24 20:05:55] Attempting to insert product: {'name': 'Salmorejo', 'price': 3.15, 'category': 'drinks', 'store_id': 'bonarea', 'quantity': '1 l'}
[2025-05-24 20:05:55] Supabase Response: data=[{'name': 'Salmorejo', 'price': 3.15, 'category': 'drinks', 'store_id': 'bonarea', 'quantity': '1 l', 'id': '1fdf8efe-4b23-4ee4-8ec6-051068d4994e', 'created_at': '2025-05-24T17:05:54.450696'}] count=None
[2025-05-24 20:05:55] ✅ Successfully inserted: Salmorejo
[2025-05-24 20:05:55] Attempting to insert product: {'name': 'Gaspatxo bric', 'price': 1.95, 'category': 'drinks', 'store_id': 'bonarea', 'quantity': '1 l'}
[2025-05-24 20:05:55] Supabase Response: data=[{'name': 'Gaspatxo bric', 'price': 1.95, 'category': 'drinks', 'store_id': 'bonarea', 'quantity': '1 l', 'id': 'd15a4da1-655c-4357-a1f4-086430c11f72', 'created_at': '2025-05-24T17:05:54.697929'}] count=None
[2025-05-24 20:05:55] ✅ Successfully inserted: Gaspatxo bric
[2025-05-24 20:05:55] Attempting to insert product: {'name': 'Salmorejo bric', 'price': 2.3, 'category': 'drinks', 'store_id': 'bonarea', 'quantity': '1 l'}
[2025-05-24 20:05:56] Supabase Response: data=[{'name': 'Salmorejo bric', 'price': 2.3, 'category': 'drinks', 'store_id': 'bonarea', 'quantity': '1 l', 'id': '36555156-a086-422b-a9ca-67bd27a6e912', 'created_at': '2025-05-24T17:05:54.941626'}] count=None
[2025-05-24 20:05:56] ✅ Successfully inserted: Salmorejo bric
[2025-05-24 20:05:56] Attempting to insert product: {'name': 'Gaspatxo estil andalús', 'price': 1.1, 'category': 'drinks', 'store_id': 'bonarea', 'quantity': '300 g'}
[2025-05-24 20:05:56] Supabase Response: data=[{'name': 'Gaspatxo estil andalús', 'price': 1.1, 'category': 'drinks', 'store_id': 'bonarea', 'quantity': '300 g', 'id': '240520af-cfe7-498d-8675-2afc27fa2baf', 'created_at': '2025-05-24T17:05:55.183059'}] count=None
[2025-05-24 20:05:56] ✅ Successfully inserted: Gaspatxo estil andalús
[2025-05-24 20:05:56] Attempting to insert product: {'name': 'Gaspatxo de maduixa', 'price': 1.25, 'category': 'drinks', 'store_id': 'bonarea', 'quantity': '300 g'}
[2025-05-24 20:05:56] Supabase Response: data=[{'name': 'Gaspatxo de maduixa', 'price': 1.25, 'category': 'drinks', 'store_id': 'bonarea', 'quantity': '300 g', 'id': 'fe30c565-1de3-4848-84c0-799ecde3805a', 'created_at': '2025-05-24T17:05:55.425047'}] count=None
[2025-05-24 20:05:56] ✅ Successfully inserted: Gaspatxo de maduixa
[2025-05-24 20:05:56] Attempting to insert product: {'name': 'Hummus', 'price': 0.94, 'category': 'drinks', 'store_id': 'bonarea', 'quantity': '200 g'}
[2025-05-24 20:05:56] Supabase Response: data=[{'name': 'Hummus', 'price': 0.94, 'category': 'drinks', 'store_id': 'bonarea', 'quantity': '200 g', 'id': '0b1a518d-73f7-4034-9b31-d56c93a5c9db', 'created_at': '2025-05-24T17:05:55.72307'}] count=None
[2025-05-24 20:05:56] ✅ Successfully inserted: Hummus
[2025-05-24 20:05:56] Attempting to insert product: {'name': 'Cap de llom filetejat a la planxa', 'price': 2.4, 'category': 'drinks', 'store_id': 'bonarea', 'quantity': 'aprox. 198 g'}
[2025-05-24 20:05:57] Supabase Response: data=[{'name': 'Cap de llom filetejat a la planxa', 'price': 2.4, 'category': 'drinks', 'store_id': 'bonarea', 'quantity': 'aprox. 198 g', 'id': '96ead52e-df09-4809-9fae-e1e841267787', 'created_at': '2025-05-24T17:05:55.985726'}] count=None
[2025-05-24 20:05:57] ✅ Successfully inserted: Cap de llom filetejat a la planxa
[2025-05-24 20:05:57] Attempting to insert product: {'name': "Conill d'espatlla d'anoll", 'price': 16.91, 'category': 'drinks', 'store_id': 'bonarea', 'quantity': 'aprox. 1,6 kg'}
[2025-05-24 20:05:57] Supabase Response: data=[{'name': "Conill d'espatlla d'anoll", 'price': 16.91, 'category': 'drinks', 'store_id': 'bonarea', 'quantity': 'aprox. 1,6 kg', 'id': '21f30a47-2ed3-48f9-bb2d-cd5552d2fb1c', 'created_at': '2025-05-24T17:05:56.246957'}] count=None
[2025-05-24 20:05:57] ✅ Successfully inserted: Conill d'espatlla d'anoll
[2025-05-24 20:05:57] Attempting to insert product: {'name': "Jarret d'anoll", 'price': 22.76, 'category': 'drinks', 'store_id': 'bonarea', 'quantity': 'aprox. 2,0 kg'}
[2025-05-24 20:05:57] Supabase Response: data=[{'name': "Jarret d'anoll", 'price': 22.76, 'category': 'drinks', 'store_id': 'bonarea', 'quantity': 'aprox. 2,0 kg', 'id': '6632d8c2-9ac3-4a5d-87d4-d4906ffcf1c3', 'created_at': '2025-05-24T17:05:56.492314'}] count=None
[2025-05-24 20:05:57] ✅ Successfully inserted: Jarret d'anoll
[2025-05-24 20:05:57] Attempting to insert product: {'name': 'Mixt de bull negre i donegal', 'price': 1.1, 'category': 'drinks', 'store_id': 'bonarea', 'quantity': 'aprox. 143 g'}
[2025-05-24 20:05:58] Supabase Response: data=[{'name': 'Mixt de bull negre i donegal', 'price': 1.1, 'category': 'drinks', 'store_id': 'bonarea', 'quantity': 'aprox. 143 g', 'id': '26dd5d0e-f42d-4444-81f3-9a4b8fde381c', 'created_at': '2025-05-24T17:05:56.847467'}] count=None
[2025-05-24 20:05:58] ✅ Successfully inserted: Mixt de bull negre i donegal
[2025-05-24 20:05:58] Attempting to insert product: {'name': 'Càpsules Nescafé Dolce Gusto espresso intens', 'price': 4.25, 'category': 'drinks', 'store_id': 'bonarea', 'quantity': '16 u.'}
[2025-05-24 20:05:58] Supabase Response: data=[{'name': 'Càpsules Nescafé Dolce Gusto espresso intens', 'price': 4.25, 'category': 'drinks', 'store_id': 'bonarea', 'quantity': '16 u.', 'id': '795fab35-d8e1-40f0-a52b-b607c033e89d', 'created_at': '2025-05-24T17:05:57.134453'}] count=None
[2025-05-24 20:05:58] ✅ Successfully inserted: Càpsules Nescafé Dolce Gusto espresso intens
[2025-05-24 20:05:58] Attempting to insert product: {'name': 'Salmó adults', 'price': 13.8, 'category': 'drinks', 'store_id': 'bonarea', 'quantity': '10 kg'}
[2025-05-24 20:05:58] Supabase Response: data=[{'name': 'Salmó adults', 'price': 13.8, 'category': 'drinks', 'store_id': 'bonarea', 'quantity': '10 kg', 'id': '9ca137eb-0f1d-4c3e-a3c8-125753b05d2f', 'created_at': '2025-05-24T17:05:57.441592'}] count=None
[2025-05-24 20:05:58] ✅ Successfully inserted: Salmó adults
[2025-05-24 20:05:58] Attempting to insert product: {'name': 'Salmó adults', 'price': 4.44, 'category': 'drinks', 'store_id': 'bonarea', 'quantity': '3 kg'}
[2025-05-24 20:05:58] Supabase Response: data=[{'name': 'Salmó adults', 'price': 4.44, 'category': 'drinks', 'store_id': 'bonarea', 'quantity': '3 kg', 'id': 'fcf75315-e207-4a16-bbf3-8cbfd1dfda5e', 'created_at': '2025-05-24T17:05:57.752101'}] count=None
[2025-05-24 20:05:58] ✅ Successfully inserted: Salmó adults
[2025-05-24 20:05:58] Attempting to insert product: {'name': 'Original adults', 'price': 13.6, 'category': 'drinks', 'store_id': 'bonarea', 'quantity': '10 kg'}
[2025-05-24 20:05:59] Supabase Response: data=[{'name': 'Original adults', 'price': 13.6, 'category': 'drinks', 'store_id': 'bonarea', 'quantity': '10 kg', 'id': '429ce97e-a7c3-4200-b9cc-4de11c727388', 'created_at': '2025-05-24T17:05:58.053325'}] count=None
[2025-05-24 20:05:59] ✅ Successfully inserted: Original adults
[2025-05-24 20:05:59] Attempting to insert product: {'name': 'Original adults', 'price': 4.38, 'category': 'drinks', 'store_id': 'bonarea', 'quantity': '3 kg'}
[2025-05-24 20:05:59] Supabase Response: data=[{'name': 'Original adults', 'price': 4.38, 'category': 'drinks', 'store_id': 'bonarea', 'quantity': '3 kg', 'id': '1ae5530b-0c54-4271-a3a1-6522acd1462c', 'created_at': '2025-05-24T17:05:58.383873'}] count=None
[2025-05-24 20:05:59] ✅ Successfully inserted: Original adults
[2025-05-24 20:05:59] Attempting to insert product: {'name': 'Junior 2-12 mesos', 'price': 15.9, 'category': 'drinks', 'store_id': 'bonarea', 'quantity': '10 kg'}
[2025-05-24 20:05:59] Supabase Response: data=[{'name': 'Junior 2-12 mesos', 'price': 15.9, 'category': 'drinks', 'store_id': 'bonarea', 'quantity': '10 kg', 'id': '8f4858ff-ab3f-4f8a-b3c4-db728ffd6ada', 'created_at': '2025-05-24T17:05:58.66445'}] count=None
[2025-05-24 20:05:59] ✅ Successfully inserted: Junior 2-12 mesos
[2025-05-24 20:05:59] Attempting to insert product: {'name': 'Junior 2-12 mesos', 'price': 5.07, 'category': 'drinks', 'store_id': 'bonarea', 'quantity': '3 kg'}
[2025-05-24 20:06:00] Supabase Response: data=[{'name': 'Junior 2-12 mesos', 'price': 5.07, 'category': 'drinks', 'store_id': 'bonarea', 'quantity': '3 kg', 'id': 'c4bad2d3-ea7d-4d08-8b4a-38d93710bc6f', 'created_at': '2025-05-24T17:05:58.978327'}] count=None
[2025-05-24 20:06:00] ✅ Successfully inserted: Junior 2-12 mesos
[2025-05-24 20:06:00] Attempting to insert product: {'name': 'Pit de pollastre groc sencer', 'price': 4.54, 'category': 'drinks', 'store_id': 'bonarea', 'quantity': 'aprox. 693 g'}
[2025-05-24 20:06:00] Supabase Response: data=[{'name': 'Pit de pollastre groc sencer', 'price': 4.54, 'category': 'drinks', 'store_id': 'bonarea', 'quantity': 'aprox. 693 g', 'id': '5a1bb6b9-396a-4440-96d4-acb60db991ab', 'created_at': '2025-05-24T17:05:59.294878'}] count=None
[2025-05-24 20:06:00] ✅ Successfully inserted: Pit de pollastre groc sencer
[2025-05-24 20:06:00] Attempting to insert product: {'name': 'Pernilets de pollastre groc', 'price': 3.64, 'category': 'drinks', 'store_id': 'bonarea', 'quantity': 'aprox. 1,0 kg'}
[2025-05-24 20:06:00] Supabase Response: data=[{'name': 'Pernilets de pollastre groc', 'price': 3.64, 'category': 'drinks', 'store_id': 'bonarea', 'quantity': 'aprox. 1,0 kg', 'id': '7b346625-eff9-41d1-a94a-5430887fe6aa', 'created_at': '2025-05-24T17:05:59.612935'}] count=None
[2025-05-24 20:06:00] ✅ Successfully inserted: Pernilets de pollastre groc
[2025-05-24 20:06:00] Attempting to insert product: {'name': 'Pit de pollastre blanc sencer', 'price': 4.68, 'category': 'drinks', 'store_id': 'bonarea', 'quantity': 'aprox. 715 g'}
[2025-05-24 20:06:01] Supabase Response: data=[{'name': 'Pit de pollastre blanc sencer', 'price': 4.68, 'category': 'drinks', 'store_id': 'bonarea', 'quantity': 'aprox. 715 g', 'id': 'cbdd2815-6c22-4390-aad0-bf647ecaa940', 'created_at': '2025-05-24T17:05:59.899011'}] count=None
[2025-05-24 20:06:01] ✅ Successfully inserted: Pit de pollastre blanc sencer
[2025-05-24 20:06:01] Attempting to insert product: {'name': 'Pernilets de pollastre blanc', 'price': 3.8, 'category': 'drinks', 'store_id': 'bonarea', 'quantity': 'aprox. 1,1 kg'}
[2025-05-24 20:06:01] Supabase Response: data=[{'name': 'Pernilets de pollastre blanc', 'price': 3.8, 'category': 'drinks', 'store_id': 'bonarea', 'quantity': 'aprox. 1,1 kg', 'id': '94c909ff-2bbf-4eb5-8ac1-b1e37cc71ab8', 'created_at': '2025-05-24T17:06:00.228408'}] count=None
[2025-05-24 20:06:01] ✅ Successfully inserted: Pernilets de pollastre blanc
[2025-05-24 20:06:01] Attempting to insert product: {'name': 'Pit de pollastre groc filetejat', 'price': 4.69, 'category': 'drinks', 'store_id': 'bonarea', 'quantity': 'aprox. 660 g'}
[2025-05-24 20:06:01] Supabase Response: data=[{'name': 'Pit de pollastre groc filetejat', 'price': 4.69, 'category': 'drinks', 'store_id': 'bonarea', 'quantity': 'aprox. 660 g', 'id': '9399a68f-a8b6-4399-add4-5ab0704f6f0a', 'created_at': '2025-05-24T17:06:00.532911'}] count=None
[2025-05-24 20:06:01] ✅ Successfully inserted: Pit de pollastre groc filetejat
[2025-05-24 20:06:01] Attempting to insert product: {'name': 'Pit de pollastre sencer 65% cereals', 'price': 4.57, 'category': 'drinks', 'store_id': 'bonarea', 'quantity': 'aprox. 605 g'}
[2025-05-24 20:06:02] Supabase Response: data=[{'name': 'Pit de pollastre sencer 65% cereals', 'price': 4.57, 'category': 'drinks', 'store_id': 'bonarea', 'quantity': 'aprox. 605 g', 'id': 'df292556-de41-4009-8471-dd7597ec5bd9', 'created_at': '2025-05-24T17:06:00.819906'}] count=None
[2025-05-24 20:06:02] ✅ Successfully inserted: Pit de pollastre sencer 65% cereals
[2025-05-24 20:06:05] Attempting to insert product: {'name': 'Gaspatxo', 'price': 2.85, 'category': 'drinks', 'store_id': 'bonarea', 'quantity': '1 l'}
[2025-05-24 20:06:06] Supabase Response: data=[{'name': 'Gaspatxo', 'price': 2.85, 'category': 'drinks', 'store_id': 'bonarea', 'quantity': '1 l', 'id': '6fe374c2-9072-47bb-bfc1-5160f4958ec1', 'created_at': '2025-05-24T17:06:04.868218'}] count=None
[2025-05-24 20:06:06] ✅ Successfully inserted: Gaspatxo
[2025-05-24 20:06:06] Attempting to insert product: {'name': 'Salmorejo', 'price': 3.15, 'category': 'drinks', 'store_id': 'bonarea', 'quantity': '1 l'}
[2025-05-24 20:06:06] Supabase Response: data=[{'name': 'Salmorejo', 'price': 3.15, 'category': 'drinks', 'store_id': 'bonarea', 'quantity': '1 l', 'id': 'f650af11-c0e2-436e-903b-4a00f6d594c9', 'created_at': '2025-05-24T17:06:05.124919'}] count=None
[2025-05-24 20:06:06] ✅ Successfully inserted: Salmorejo
[2025-05-24 20:06:06] Attempting to insert product: {'name': 'Gaspatxo bric', 'price': 1.95, 'category': 'drinks', 'store_id': 'bonarea', 'quantity': '1 l'}
[2025-05-24 20:06:06] Supabase Response: data=[{'name': 'Gaspatxo bric', 'price': 1.95, 'category': 'drinks', 'store_id': 'bonarea', 'quantity': '1 l', 'id': '7c8ae586-8dab-45bb-b6dc-9086936df164', 'created_at': '2025-05-24T17:06:05.39178'}] count=None
[2025-05-24 20:06:06] ✅ Successfully inserted: Gaspatxo bric
[2025-05-24 20:06:06] Attempting to insert product: {'name': 'Salmorejo bric', 'price': 2.3, 'category': 'drinks', 'store_id': 'bonarea', 'quantity': '1 l'}
[2025-05-24 20:06:06] Supabase Response: data=[{'name': 'Salmorejo bric', 'price': 2.3, 'category': 'drinks', 'store_id': 'bonarea', 'quantity': '1 l', 'id': 'e5c78419-86e4-42f0-b2d8-adf44a67bd21', 'created_at': '2025-05-24T17:06:05.641321'}] count=None
[2025-05-24 20:06:06] ✅ Successfully inserted: Salmorejo bric
[2025-05-24 20:06:06] Attempting to insert product: {'name': 'Gaspatxo estil andalús', 'price': 1.1, 'category': 'drinks', 'store_id': 'bonarea', 'quantity': '300 g'}
[2025-05-24 20:06:07] Supabase Response: data=[{'name': 'Gaspatxo estil andalús', 'price': 1.1, 'category': 'drinks', 'store_id': 'bonarea', 'quantity': '300 g', 'id': 'b3b36bfe-a117-4cfc-a22f-d2378a5f4c0a', 'created_at': '2025-05-24T17:06:05.887892'}] count=None
[2025-05-24 20:06:07] ✅ Successfully inserted: Gaspatxo estil andalús
[2025-05-24 20:06:07] Attempting to insert product: {'name': 'Gaspatxo de maduixa', 'price': 1.25, 'category': 'drinks', 'store_id': 'bonarea', 'quantity': '300 g'}
[2025-05-24 20:06:07] Supabase Response: data=[{'name': 'Gaspatxo de maduixa', 'price': 1.25, 'category': 'drinks', 'store_id': 'bonarea', 'quantity': '300 g', 'id': 'a3e76d7a-cae1-474c-bce4-b7ce508ba53b', 'created_at': '2025-05-24T17:06:06.159545'}] count=None
[2025-05-24 20:06:07] ✅ Successfully inserted: Gaspatxo de maduixa
[2025-05-24 20:06:07] Attempting to insert product: {'name': 'Hummus', 'price': 0.94, 'category': 'drinks', 'store_id': 'bonarea', 'quantity': '200 g'}
[2025-05-24 20:06:07] Supabase Response: data=[{'name': 'Hummus', 'price': 0.94, 'category': 'drinks', 'store_id': 'bonarea', 'quantity': '200 g', 'id': '9c5284d4-2a3e-4957-afe1-2e33f33f994a', 'created_at': '2025-05-24T17:06:06.414865'}] count=None
[2025-05-24 20:06:07] ✅ Successfully inserted: Hummus
[2025-05-24 20:06:07] Attempting to insert product: {'name': 'Cap de llom filetejat a la planxa', 'price': 2.4, 'category': 'drinks', 'store_id': 'bonarea', 'quantity': 'aprox. 198 g'}
[2025-05-24 20:06:07] Supabase Response: data=[{'name': 'Cap de llom filetejat a la planxa', 'price': 2.4, 'category': 'drinks', 'store_id': 'bonarea', 'quantity': 'aprox. 198 g', 'id': '6b25be94-0b90-48d0-a176-428f30a2b538', 'created_at': '2025-05-24T17:06:06.66111'}] count=None
[2025-05-24 20:06:07] ✅ Successfully inserted: Cap de llom filetejat a la planxa
[2025-05-24 20:06:07] Attempting to insert product: {'name': "Conill d'espatlla d'anoll", 'price': 16.91, 'category': 'drinks', 'store_id': 'bonarea', 'quantity': 'aprox. 1,6 kg'}
[2025-05-24 20:06:08] Supabase Response: data=[{'name': "Conill d'espatlla d'anoll", 'price': 16.91, 'category': 'drinks', 'store_id': 'bonarea', 'quantity': 'aprox. 1,6 kg', 'id': '21c1327a-33b9-4f25-9eb3-a7ef04bf0b08', 'created_at': '2025-05-24T17:06:06.970219'}] count=None
[2025-05-24 20:06:08] ✅ Successfully inserted: Conill d'espatlla d'anoll
[2025-05-24 20:06:08] Attempting to insert product: {'name': "Jarret d'anoll", 'price': 22.76, 'category': 'drinks', 'store_id': 'bonarea', 'quantity': 'aprox. 2,0 kg'}
[2025-05-24 20:06:08] Supabase Response: data=[{'name': "Jarret d'anoll", 'price': 22.76, 'category': 'drinks', 'store_id': 'bonarea', 'quantity': 'aprox. 2,0 kg', 'id': 'f52d0550-afe3-4b6e-af99-14381420f49e', 'created_at': '2025-05-24T17:06:07.27253'}] count=None
[2025-05-24 20:06:08] ✅ Successfully inserted: Jarret d'anoll
[2025-05-24 20:06:08] Attempting to insert product: {'name': 'Mixt de bull negre i donegal', 'price': 1.1, 'category': 'drinks', 'store_id': 'bonarea', 'quantity': 'aprox. 143 g'}
[2025-05-24 20:06:08] Supabase Response: data=[{'name': 'Mixt de bull negre i donegal', 'price': 1.1, 'category': 'drinks', 'store_id': 'bonarea', 'quantity': 'aprox. 143 g', 'id': '8ed04a67-e520-4025-aca2-04a214f962a7', 'created_at': '2025-05-24T17:06:07.597911'}] count=None
[2025-05-24 20:06:08] ✅ Successfully inserted: Mixt de bull negre i donegal
[2025-05-24 20:06:08] Attempting to insert product: {'name': 'Càpsules Nescafé Dolce Gusto espresso intens', 'price': 4.25, 'category': 'drinks', 'store_id': 'bonarea', 'quantity': '16 u.'}
[2025-05-24 20:06:09] Supabase Response: data=[{'name': 'Càpsules Nescafé Dolce Gusto espresso intens', 'price': 4.25, 'category': 'drinks', 'store_id': 'bonarea', 'quantity': '16 u.', 'id': 'e8e57cfa-2c87-43ce-ba5f-6328ed5cf2a8', 'created_at': '2025-05-24T17:06:07.885058'}] count=None
[2025-05-24 20:06:09] ✅ Successfully inserted: Càpsules Nescafé Dolce Gusto espresso intens
[2025-05-24 20:06:09] Attempting to insert product: {'name': 'Salmó adults', 'price': 13.8, 'category': 'drinks', 'store_id': 'bonarea', 'quantity': '10 kg'}
[2025-05-24 20:06:09] Supabase Response: data=[{'name': 'Salmó adults', 'price': 13.8, 'category': 'drinks', 'store_id': 'bonarea', 'quantity': '10 kg', 'id': 'add348be-e2ea-4a8c-80c3-305be076098b', 'created_at': '2025-05-24T17:06:08.198668'}] count=None
[2025-05-24 20:06:09] ✅ Successfully inserted: Salmó adults
[2025-05-24 20:06:09] Attempting to insert product: {'name': 'Salmó adults', 'price': 4.44, 'category': 'drinks', 'store_id': 'bonarea', 'quantity': '3 kg'}
[2025-05-24 20:06:09] Supabase Response: data=[{'name': 'Salmó adults', 'price': 4.44, 'category': 'drinks', 'store_id': 'bonarea', 'quantity': '3 kg', 'id': '3adb7533-00bc-45f2-9375-05ab134d3d4c', 'created_at': '2025-05-24T17:06:08.495968'}] count=None
[2025-05-24 20:06:09] ✅ Successfully inserted: Salmó adults
[2025-05-24 20:06:09] Attempting to insert product: {'name': 'Original adults', 'price': 13.6, 'category': 'drinks', 'store_id': 'bonarea', 'quantity': '10 kg'}
[2025-05-24 20:06:10] Supabase Response: data=[{'name': 'Original adults', 'price': 13.6, 'category': 'drinks', 'store_id': 'bonarea', 'quantity': '10 kg', 'id': 'eaec4d24-cb62-4882-8e28-6b237362db15', 'created_at': '2025-05-24T17:06:08.807068'}] count=None
[2025-05-24 20:06:10] ✅ Successfully inserted: Original adults
[2025-05-24 20:06:10] Attempting to insert product: {'name': 'Original adults', 'price': 4.38, 'category': 'drinks', 'store_id': 'bonarea', 'quantity': '3 kg'}
[2025-05-24 20:06:10] Supabase Response: data=[{'name': 'Original adults', 'price': 4.38, 'category': 'drinks', 'store_id': 'bonarea', 'quantity': '3 kg', 'id': 'dbd89250-75b3-499e-8841-4cbfa90565df', 'created_at': '2025-05-24T17:06:09.11205'}] count=None
[2025-05-24 20:06:10] ✅ Successfully inserted: Original adults
[2025-05-24 20:06:10] Attempting to insert product: {'name': 'Junior 2-12 mesos', 'price': 15.9, 'category': 'drinks', 'store_id': 'bonarea', 'quantity': '10 kg'}
[2025-05-24 20:06:10] Supabase Response: data=[{'name': 'Junior 2-12 mesos', 'price': 15.9, 'category': 'drinks', 'store_id': 'bonarea', 'quantity': '10 kg', 'id': '15c51f07-0326-4d87-a9a3-92407bde956e', 'created_at': '2025-05-24T17:06:09.363557'}] count=None
[2025-05-24 20:06:10] ✅ Successfully inserted: Junior 2-12 mesos
[2025-05-24 20:06:10] Attempting to insert product: {'name': 'Junior 2-12 mesos', 'price': 5.07, 'category': 'drinks', 'store_id': 'bonarea', 'quantity': '3 kg'}
[2025-05-24 20:06:10] Supabase Response: data=[{'name': 'Junior 2-12 mesos', 'price': 5.07, 'category': 'drinks', 'store_id': 'bonarea', 'quantity': '3 kg', 'id': '0b57ef25-98e1-4a02-a1c7-8b774374dc3b', 'created_at': '2025-05-24T17:06:09.651273'}] count=None
[2025-05-24 20:06:10] ✅ Successfully inserted: Junior 2-12 mesos
[2025-05-24 20:06:10] Attempting to insert product: {'name': 'Pit de pollastre groc sencer', 'price': 4.54, 'category': 'drinks', 'store_id': 'bonarea', 'quantity': 'aprox. 693 g'}
[2025-05-24 20:06:11] Supabase Response: data=[{'name': 'Pit de pollastre groc sencer', 'price': 4.54, 'category': 'drinks', 'store_id': 'bonarea', 'quantity': 'aprox. 693 g', 'id': '916503c8-45d2-466c-a75e-623128443e1b', 'created_at': '2025-05-24T17:06:09.992196'}] count=None
[2025-05-24 20:06:11] ✅ Successfully inserted: Pit de pollastre groc sencer
[2025-05-24 20:06:11] Attempting to insert product: {'name': 'Pernilets de pollastre groc', 'price': 3.64, 'category': 'drinks', 'store_id': 'bonarea', 'quantity': 'aprox. 1,0 kg'}
[2025-05-24 20:06:11] Supabase Response: data=[{'name': 'Pernilets de pollastre groc', 'price': 3.64, 'category': 'drinks', 'store_id': 'bonarea', 'quantity': 'aprox. 1,0 kg', 'id': 'b7b57a70-0b6e-40f2-89d8-df9c49489ff6', 'created_at': '2025-05-24T17:06:10.42709'}] count=None
[2025-05-24 20:06:11] ✅ Successfully inserted: Pernilets de pollastre groc
[2025-05-24 20:06:11] Attempting to insert product: {'name': 'Pit de pollastre blanc sencer', 'price': 4.68, 'category': 'drinks', 'store_id': 'bonarea', 'quantity': 'aprox. 715 g'}
[2025-05-24 20:06:11] Supabase Response: data=[{'name': 'Pit de pollastre blanc sencer', 'price': 4.68, 'category': 'drinks', 'store_id': 'bonarea', 'quantity': 'aprox. 715 g', 'id': 'bb0e0b6d-a94f-48a2-a218-cb321fb3027a', 'created_at': '2025-05-24T17:06:10.682607'}] count=None
[2025-05-24 20:06:11] ✅ Successfully inserted: Pit de pollastre blanc sencer
[2025-05-24 20:06:11] Attempting to insert product: {'name': 'Pernilets de pollastre blanc', 'price': 3.8, 'category': 'drinks', 'store_id': 'bonarea', 'quantity': 'aprox. 1,1 kg'}
[2025-05-24 20:06:12] Supabase Response: data=[{'name': 'Pernilets de pollastre blanc', 'price': 3.8, 'category': 'drinks', 'store_id': 'bonarea', 'quantity': 'aprox. 1,1 kg', 'id': '2f6589b4-9401-4497-a432-ce6e85ac8c26', 'created_at': '2025-05-24T17:06:11.041267'}] count=None
[2025-05-24 20:06:12] ✅ Successfully inserted: Pernilets de pollastre blanc
[2025-05-24 20:06:12] Attempting to insert product: {'name': 'Pit de pollastre groc filetejat', 'price': 4.69, 'category': 'drinks', 'store_id': 'bonarea', 'quantity': 'aprox. 660 g'}
[2025-05-24 20:06:12] Supabase Response: data=[{'name': 'Pit de pollastre groc filetejat', 'price': 4.69, 'category': 'drinks', 'store_id': 'bonarea', 'quantity': 'aprox. 660 g', 'id': 'e15d1e8a-64ce-4808-8db4-b25d55f5b34c', 'created_at': '2025-05-24T17:06:11.368847'}] count=None
[2025-05-24 20:06:12] ✅ Successfully inserted: Pit de pollastre groc filetejat
[2025-05-24 20:06:12] Attempting to insert product: {'name': 'Pit de pollastre sencer 65% cereals', 'price': 4.57, 'category': 'drinks', 'store_id': 'bonarea', 'quantity': 'aprox. 605 g'}
[2025-05-24 20:06:12] Supabase Response: data=[{'name': 'Pit de pollastre sencer 65% cereals', 'price': 4.57, 'category': 'drinks', 'store_id': 'bonarea', 'quantity': 'aprox. 605 g', 'id': '6cf28347-0f65-4bb9-972f-9249fca6d59e', 'created_at': '2025-05-24T17:06:11.671278'}] count=None
[2025-05-24 20:06:12] ✅ Successfully inserted: Pit de pollastre sencer 65% cereals
[2025-05-24 20:06:17] Attempting to insert product: {'name': 'Gaspatxo', 'price': 2.85, 'category': 'drinks', 'store_id': 'bonarea', 'quantity': '1 l'}
[2025-05-24 20:06:17] Supabase Response: data=[{'name': 'Gaspatxo', 'price': 2.85, 'category': 'drinks', 'store_id': 'bonarea', 'quantity': '1 l', 'id': 'a335dc21-2169-4662-90ef-b4646e681492', 'created_at': '2025-05-24T17:06:16.154334'}] count=None
[2025-05-24 20:06:17] ✅ Successfully inserted: Gaspatxo
[2025-05-24 20:06:17] Attempting to insert product: {'name': 'Salmorejo', 'price': 3.15, 'category': 'drinks', 'store_id': 'bonarea', 'quantity': '1 l'}
[2025-05-24 20:06:17] Supabase Response: data=[{'name': 'Salmorejo', 'price': 3.15, 'category': 'drinks', 'store_id': 'bonarea', 'quantity': '1 l', 'id': '9b63c4e1-7e8f-4d14-a610-e08cb81b875d', 'created_at': '2025-05-24T17:06:16.51787'}] count=None
[2025-05-24 20:06:17] ✅ Successfully inserted: Salmorejo
[2025-05-24 20:06:17] Attempting to insert product: {'name': 'Gaspatxo bric', 'price': 1.95, 'category': 'drinks', 'store_id': 'bonarea', 'quantity': '1 l'}
[2025-05-24 20:06:18] Supabase Response: data=[{'name': 'Gaspatxo bric', 'price': 1.95, 'category': 'drinks', 'store_id': 'bonarea', 'quantity': '1 l', 'id': 'f0c911e5-6d30-44e0-b3a5-3bc4f34fe109', 'created_at': '2025-05-24T17:06:16.793229'}] count=None
[2025-05-24 20:06:18] ✅ Successfully inserted: Gaspatxo bric
[2025-05-24 20:06:18] Attempting to insert product: {'name': 'Salmorejo bric', 'price': 2.3, 'category': 'drinks', 'store_id': 'bonarea', 'quantity': '1 l'}
[2025-05-24 20:06:18] Supabase Response: data=[{'name': 'Salmorejo bric', 'price': 2.3, 'category': 'drinks', 'store_id': 'bonarea', 'quantity': '1 l', 'id': '16413c51-12c3-44df-a3cd-b4d13ebf954c', 'created_at': '2025-05-24T17:06:17.168326'}] count=None
[2025-05-24 20:06:18] ✅ Successfully inserted: Salmorejo bric
[2025-05-24 20:06:18] Attempting to insert product: {'name': 'Gaspatxo estil andalús', 'price': 1.1, 'category': 'drinks', 'store_id': 'bonarea', 'quantity': '300 g'}
[2025-05-24 20:06:18] Supabase Response: data=[{'name': 'Gaspatxo estil andalús', 'price': 1.1, 'category': 'drinks', 'store_id': 'bonarea', 'quantity': '300 g', 'id': 'a66960d6-088e-4b53-a674-ff73f030f22e', 'created_at': '2025-05-24T17:06:17.519317'}] count=None
[2025-05-24 20:06:18] ✅ Successfully inserted: Gaspatxo estil andalús
[2025-05-24 20:06:18] Attempting to insert product: {'name': 'Gaspatxo de maduixa', 'price': 1.25, 'category': 'drinks', 'store_id': 'bonarea', 'quantity': '300 g'}
[2025-05-24 20:06:19] Supabase Response: data=[{'name': 'Gaspatxo de maduixa', 'price': 1.25, 'category': 'drinks', 'store_id': 'bonarea', 'quantity': '300 g', 'id': '23c9019e-8bb4-43f0-a57c-22e553a2eaf0', 'created_at': '2025-05-24T17:06:17.816114'}] count=None
[2025-05-24 20:06:19] ✅ Successfully inserted: Gaspatxo de maduixa
[2025-05-24 20:06:19] Attempting to insert product: {'name': 'Hummus', 'price': 0.94, 'category': 'drinks', 'store_id': 'bonarea', 'quantity': '200 g'}
[2025-05-24 20:06:19] Supabase Response: data=[{'name': 'Hummus', 'price': 0.94, 'category': 'drinks', 'store_id': 'bonarea', 'quantity': '200 g', 'id': 'afbd44c4-a09c-44e1-a601-8d26b0f08cf3', 'created_at': '2025-05-24T17:06:18.13026'}] count=None
[2025-05-24 20:06:19] ✅ Successfully inserted: Hummus
[2025-05-24 20:06:19] Attempting to insert product: {'name': 'Cap de llom filetejat a la planxa', 'price': 2.4, 'category': 'drinks', 'store_id': 'bonarea', 'quantity': 'aprox. 198 g'}
[2025-05-24 20:06:19] Supabase Response: data=[{'name': 'Cap de llom filetejat a la planxa', 'price': 2.4, 'category': 'drinks', 'store_id': 'bonarea', 'quantity': 'aprox. 198 g', 'id': '6435fd0d-09b6-41b2-9074-24262c47badf', 'created_at': '2025-05-24T17:06:18.435957'}] count=None
[2025-05-24 20:06:19] ✅ Successfully inserted: Cap de llom filetejat a la planxa
[2025-05-24 20:06:19] Attempting to insert product: {'name': "Conill d'espatlla d'anoll", 'price': 16.91, 'category': 'drinks', 'store_id': 'bonarea', 'quantity': 'aprox. 1,6 kg'}
[2025-05-24 20:06:19] Supabase Response: data=[{'name': "Conill d'espatlla d'anoll", 'price': 16.91, 'category': 'drinks', 'store_id': 'bonarea', 'quantity': 'aprox. 1,6 kg', 'id': '2ab87963-e636-44ba-98bc-b24c5c4373d2', 'created_at': '2025-05-24T17:06:18.736932'}] count=None
[2025-05-24 20:06:19] ✅ Successfully inserted: Conill d'espatlla d'anoll
[2025-05-24 20:06:19] Attempting to insert product: {'name': "Jarret d'anoll", 'price': 22.76, 'category': 'drinks', 'store_id': 'bonarea', 'quantity': 'aprox. 2,0 kg'}
[2025-05-24 20:06:20] Supabase Response: data=[{'name': "Jarret d'anoll", 'price': 22.76, 'category': 'drinks', 'store_id': 'bonarea', 'quantity': 'aprox. 2,0 kg', 'id': 'abeeb2d2-2310-4f0e-a731-ea4b2db009a0', 'created_at': '2025-05-24T17:06:19.068599'}] count=None
[2025-05-24 20:06:20] ✅ Successfully inserted: Jarret d'anoll
[2025-05-24 20:06:20] Attempting to insert product: {'name': 'Mixt de bull negre i donegal', 'price': 1.1, 'category': 'drinks', 'store_id': 'bonarea', 'quantity': 'aprox. 143 g'}
[2025-05-24 20:06:20] Supabase Response: data=[{'name': 'Mixt de bull negre i donegal', 'price': 1.1, 'category': 'drinks', 'store_id': 'bonarea', 'quantity': 'aprox. 143 g', 'id': '5040685e-b390-4852-b64d-18daffa1e89b', 'created_at': '2025-05-24T17:06:19.355078'}] count=None
[2025-05-24 20:06:20] ✅ Successfully inserted: Mixt de bull negre i donegal
[2025-05-24 20:06:20] Attempting to insert product: {'name': 'Càpsules Nescafé Dolce Gusto espresso intens', 'price': 4.25, 'category': 'drinks', 'store_id': 'bonarea', 'quantity': '16 u.'}
[2025-05-24 20:06:20] Supabase Response: data=[{'name': 'Càpsules Nescafé Dolce Gusto espresso intens', 'price': 4.25, 'category': 'drinks', 'store_id': 'bonarea', 'quantity': '16 u.', 'id': 'b8e70da1-7600-490c-8ce4-bc25bdc982c7', 'created_at': '2025-05-24T17:06:19.628275'}] count=None
[2025-05-24 20:06:20] ✅ Successfully inserted: Càpsules Nescafé Dolce Gusto espresso intens
[2025-05-24 20:06:20] Attempting to insert product: {'name': 'Salmó adults', 'price': 13.8, 'category': 'drinks', 'store_id': 'bonarea', 'quantity': '10 kg'}
[2025-05-24 20:06:21] Supabase Response: data=[{'name': 'Salmó adults', 'price': 13.8, 'category': 'drinks', 'store_id': 'bonarea', 'quantity': '10 kg', 'id': '6d422d7e-dd40-4d60-8dcd-13a5f3f27d05', 'created_at': '2025-05-24T17:06:19.986968'}] count=None
[2025-05-24 20:06:21] ✅ Successfully inserted: Salmó adults
[2025-05-24 20:06:21] Attempting to insert product: {'name': 'Salmó adults', 'price': 4.44, 'category': 'drinks', 'store_id': 'bonarea', 'quantity': '3 kg'}
[2025-05-24 20:06:21] Supabase Response: data=[{'name': 'Salmó adults', 'price': 4.44, 'category': 'drinks', 'store_id': 'bonarea', 'quantity': '3 kg', 'id': 'df3ddc84-dccd-4379-abcc-7e0769d5f9c1', 'created_at': '2025-05-24T17:06:20.277859'}] count=None
[2025-05-24 20:06:21] ✅ Successfully inserted: Salmó adults
[2025-05-24 20:06:21] Attempting to insert product: {'name': 'Original adults', 'price': 13.6, 'category': 'drinks', 'store_id': 'bonarea', 'quantity': '10 kg'}
[2025-05-24 20:06:21] Supabase Response: data=[{'name': 'Original adults', 'price': 13.6, 'category': 'drinks', 'store_id': 'bonarea', 'quantity': '10 kg', 'id': '63a4b72d-b719-4fe3-b93a-fae55ee23bae', 'created_at': '2025-05-24T17:06:20.605023'}] count=None
[2025-05-24 20:06:21] ✅ Successfully inserted: Original adults
[2025-05-24 20:06:21] Attempting to insert product: {'name': 'Original adults', 'price': 4.38, 'category': 'drinks', 'store_id': 'bonarea', 'quantity': '3 kg'}
[2025-05-24 20:06:22] Supabase Response: data=[{'name': 'Original adults', 'price': 4.38, 'category': 'drinks', 'store_id': 'bonarea', 'quantity': '3 kg', 'id': 'db7596a9-b079-4174-b87e-15000e520541', 'created_at': '2025-05-24T17:06:20.892409'}] count=None
[2025-05-24 20:06:22] ✅ Successfully inserted: Original adults
[2025-05-24 20:06:22] Attempting to insert product: {'name': 'Junior 2-12 mesos', 'price': 15.9, 'category': 'drinks', 'store_id': 'bonarea', 'quantity': '10 kg'}
[2025-05-24 20:06:22] Supabase Response: data=[{'name': 'Junior 2-12 mesos', 'price': 15.9, 'category': 'drinks', 'store_id': 'bonarea', 'quantity': '10 kg', 'id': 'e0baf300-6d73-49f1-8331-84d636a24976', 'created_at': '2025-05-24T17:06:21.198998'}] count=None
[2025-05-24 20:06:22] ✅ Successfully inserted: Junior 2-12 mesos
[2025-05-24 20:06:22] Attempting to insert product: {'name': 'Junior 2-12 mesos', 'price': 5.07, 'category': 'drinks', 'store_id': 'bonarea', 'quantity': '3 kg'}
[2025-05-24 20:06:22] Supabase Response: data=[{'name': 'Junior 2-12 mesos', 'price': 5.07, 'category': 'drinks', 'store_id': 'bonarea', 'quantity': '3 kg', 'id': '9fa73a0f-6b2d-4ef6-aa9b-d06cf26b203e', 'created_at': '2025-05-24T17:06:21.50822'}] count=None
[2025-05-24 20:06:22] ✅ Successfully inserted: Junior 2-12 mesos
[2025-05-24 20:06:22] Attempting to insert product: {'name': 'Pit de pollastre groc sencer', 'price': 4.54, 'category': 'drinks', 'store_id': 'bonarea', 'quantity': 'aprox. 693 g'}
[2025-05-24 20:06:23] Supabase Response: data=[{'name': 'Pit de pollastre groc sencer', 'price': 4.54, 'category': 'drinks', 'store_id': 'bonarea', 'quantity': 'aprox. 693 g', 'id': '53058bb9-6b39-4c19-9ea1-893a60d6768a', 'created_at': '2025-05-24T17:06:21.808496'}] count=None
[2025-05-24 20:06:23] ✅ Successfully inserted: Pit de pollastre groc sencer
[2025-05-24 20:06:23] Attempting to insert product: {'name': 'Pernilets de pollastre groc', 'price': 3.64, 'category': 'drinks', 'store_id': 'bonarea', 'quantity': 'aprox. 1,0 kg'}
[2025-05-24 20:06:23] Supabase Response: data=[{'name': 'Pernilets de pollastre groc', 'price': 3.64, 'category': 'drinks', 'store_id': 'bonarea', 'quantity': 'aprox. 1,0 kg', 'id': '1174a036-155d-4b72-a71e-381a6064ff82', 'created_at': '2025-05-24T17:06:22.137404'}] count=None
[2025-05-24 20:06:23] ✅ Successfully inserted: Pernilets de pollastre groc
[2025-05-24 20:06:23] Attempting to insert product: {'name': 'Pit de pollastre blanc sencer', 'price': 4.68, 'category': 'drinks', 'store_id': 'bonarea', 'quantity': 'aprox. 715 g'}
[2025-05-24 20:06:23] Supabase Response: data=[{'name': 'Pit de pollastre blanc sencer', 'price': 4.68, 'category': 'drinks', 'store_id': 'bonarea', 'quantity': 'aprox. 715 g', 'id': '739df78a-2cb8-4ebc-a565-bfa1754bb371', 'created_at': '2025-05-24T17:06:22.39794'}] count=None
[2025-05-24 20:06:23] ✅ Successfully inserted: Pit de pollastre blanc sencer
[2025-05-24 20:06:23] Attempting to insert product: {'name': 'Pernilets de pollastre blanc', 'price': 3.8, 'category': 'drinks', 'store_id': 'bonarea', 'quantity': 'aprox. 1,1 kg'}
[2025-05-24 20:06:23] Supabase Response: data=[{'name': 'Pernilets de pollastre blanc', 'price': 3.8, 'category': 'drinks', 'store_id': 'bonarea', 'quantity': 'aprox. 1,1 kg', 'id': '4d9e48e4-d4e9-4476-b411-65f39aa4d4a5', 'created_at': '2025-05-24T17:06:22.743224'}] count=None
[2025-05-24 20:06:23] ✅ Successfully inserted: Pernilets de pollastre blanc
[2025-05-24 20:06:23] Attempting to insert product: {'name': 'Pit de pollastre groc filetejat', 'price': 4.69, 'category': 'drinks', 'store_id': 'bonarea', 'quantity': 'aprox. 660 g'}
[2025-05-24 20:06:24] Supabase Response: data=[{'name': 'Pit de pollastre groc filetejat', 'price': 4.69, 'category': 'drinks', 'store_id': 'bonarea', 'quantity': 'aprox. 660 g', 'id': 'bbef8938-a07e-46a3-86e4-d229ed86d5df', 'created_at': '2025-05-24T17:06:23.10501'}] count=None
[2025-05-24 20:06:24] ✅ Successfully inserted: Pit de pollastre groc filetejat
[2025-05-24 20:06:24] Attempting to insert product: {'name': 'Pit de pollastre sencer 65% cereals', 'price': 4.57, 'category': 'drinks', 'store_id': 'bonarea', 'quantity': 'aprox. 605 g'}
[2025-05-24 20:06:24] Supabase Response: data=[{'name': 'Pit de pollastre sencer 65% cereals', 'price': 4.57, 'category': 'drinks', 'store_id': 'bonarea', 'quantity': 'aprox. 605 g', 'id': '5af47c9d-f076-4657-9786-54075908f961', 'created_at': '2025-05-24T17:06:23.452925'}] count=None
[2025-05-24 20:06:24] ✅ Successfully inserted: Pit de pollastre sencer 65% cereals
[2025-05-24 20:06:28] Attempting to insert product: {'name': 'Gaspatxo', 'price': 2.85, 'category': 'drinks', 'store_id': 'bonarea', 'quantity': '1 l'}
[2025-05-24 20:06:28] Supabase Response: data=[{'name': 'Gaspatxo', 'price': 2.85, 'category': 'drinks', 'store_id': 'bonarea', 'quantity': '1 l', 'id': '5c18487b-ce04-4d3e-af26-517079ef3cb3', 'created_at': '2025-05-24T17:06:27.552471'}] count=None
[2025-05-24 20:06:28] ✅ Successfully inserted: Gaspatxo
[2025-05-24 20:06:28] Attempting to insert product: {'name': 'Salmorejo', 'price': 3.15, 'category': 'drinks', 'store_id': 'bonarea', 'quantity': '1 l'}
[2025-05-24 20:06:28] Supabase Response: data=[{'name': 'Salmorejo', 'price': 3.15, 'category': 'drinks', 'store_id': 'bonarea', 'quantity': '1 l', 'id': 'b6b2ede8-bbd2-4251-a06f-e3666a053888', 'created_at': '2025-05-24T17:06:27.797419'}] count=None
[2025-05-24 20:06:28] ✅ Successfully inserted: Salmorejo
[2025-05-24 20:06:28] Attempting to insert product: {'name': 'Gaspatxo bric', 'price': 1.95, 'category': 'drinks', 'store_id': 'bonarea', 'quantity': '1 l'}
[2025-05-24 20:06:29] Supabase Response: data=[{'name': 'Gaspatxo bric', 'price': 1.95, 'category': 'drinks', 'store_id': 'bonarea', 'quantity': '1 l', 'id': '47ef74ab-6e3c-479e-92be-1b1370a3f225', 'created_at': '2025-05-24T17:06:28.058583'}] count=None
[2025-05-24 20:06:29] ✅ Successfully inserted: Gaspatxo bric
[2025-05-24 20:06:29] Attempting to insert product: {'name': 'Salmorejo bric', 'price': 2.3, 'category': 'drinks', 'store_id': 'bonarea', 'quantity': '1 l'}
[2025-05-24 20:06:29] Supabase Response: data=[{'name': 'Salmorejo bric', 'price': 2.3, 'category': 'drinks', 'store_id': 'bonarea', 'quantity': '1 l', 'id': '2e69f575-b61c-495f-b783-ef08220465ce', 'created_at': '2025-05-24T17:06:28.307392'}] count=None
[2025-05-24 20:06:29] ✅ Successfully inserted: Salmorejo bric
[2025-05-24 20:06:29] Attempting to insert product: {'name': 'Gaspatxo estil andalús', 'price': 1.1, 'category': 'drinks', 'store_id': 'bonarea', 'quantity': '300 g'}
[2025-05-24 20:06:29] Supabase Response: data=[{'name': 'Gaspatxo estil andalús', 'price': 1.1, 'category': 'drinks', 'store_id': 'bonarea', 'quantity': '300 g', 'id': '3d3830df-00cc-4cd6-9b7c-77cd7fa37c4e', 'created_at': '2025-05-24T17:06:28.5559'}] count=None
[2025-05-24 20:06:29] ✅ Successfully inserted: Gaspatxo estil andalús
[2025-05-24 20:06:29] Attempting to insert product: {'name': 'Gaspatxo de maduixa', 'price': 1.25, 'category': 'drinks', 'store_id': 'bonarea', 'quantity': '300 g'}
[2025-05-24 20:06:29] Supabase Response: data=[{'name': 'Gaspatxo de maduixa', 'price': 1.25, 'category': 'drinks', 'store_id': 'bonarea', 'quantity': '300 g', 'id': '0c363d52-c660-4a54-a464-44f0ee976c76', 'created_at': '2025-05-24T17:06:28.801414'}] count=None
[2025-05-24 20:06:29] ✅ Successfully inserted: Gaspatxo de maduixa
[2025-05-24 20:06:29] Attempting to insert product: {'name': 'Hummus', 'price': 0.94, 'category': 'drinks', 'store_id': 'bonarea', 'quantity': '200 g'}
[2025-05-24 20:06:30] Supabase Response: data=[{'name': 'Hummus', 'price': 0.94, 'category': 'drinks', 'store_id': 'bonarea', 'quantity': '200 g', 'id': '6dda2feb-0e5c-42ff-96b0-5b7e90b0ffe0', 'created_at': '2025-05-24T17:06:29.048739'}] count=None
[2025-05-24 20:06:30] ✅ Successfully inserted: Hummus
[2025-05-24 20:06:30] Attempting to insert product: {'name': 'Cap de llom filetejat a la planxa', 'price': 2.4, 'category': 'drinks', 'store_id': 'bonarea', 'quantity': 'aprox. 198 g'}
[2025-05-24 20:06:30] Supabase Response: data=[{'name': 'Cap de llom filetejat a la planxa', 'price': 2.4, 'category': 'drinks', 'store_id': 'bonarea', 'quantity': 'aprox. 198 g', 'id': '3e30e423-82c1-4d1d-bd80-8f65365fa7cf', 'created_at': '2025-05-24T17:06:29.309602'}] count=None
[2025-05-24 20:06:30] ✅ Successfully inserted: Cap de llom filetejat a la planxa
[2025-05-24 20:06:30] Attempting to insert product: {'name': "Conill d'espatlla d'anoll", 'price': 16.91, 'category': 'drinks', 'store_id': 'bonarea', 'quantity': 'aprox. 1,6 kg'}
[2025-05-24 20:06:30] Supabase Response: data=[{'name': "Conill d'espatlla d'anoll", 'price': 16.91, 'category': 'drinks', 'store_id': 'bonarea', 'quantity': 'aprox. 1,6 kg', 'id': '4fc1d4a4-11f1-4943-a445-d0a610f684d0', 'created_at': '2025-05-24T17:06:29.558505'}] count=None
[2025-05-24 20:06:30] ✅ Successfully inserted: Conill d'espatlla d'anoll
[2025-05-24 20:06:30] Attempting to insert product: {'name': "Jarret d'anoll", 'price': 22.76, 'category': 'drinks', 'store_id': 'bonarea', 'quantity': 'aprox. 2,0 kg'}
[2025-05-24 20:06:30] Supabase Response: data=[{'name': "Jarret d'anoll", 'price': 22.76, 'category': 'drinks', 'store_id': 'bonarea', 'quantity': 'aprox. 2,0 kg', 'id': 'b8c416b2-d38a-4971-a349-97aa71e3340a', 'created_at': '2025-05-24T17:06:29.810111'}] count=None
[2025-05-24 20:06:30] ✅ Successfully inserted: Jarret d'anoll
[2025-05-24 20:06:31] Attempting to insert product: {'name': 'Mixt de bull negre i donegal', 'price': 1.1, 'category': 'drinks', 'store_id': 'bonarea', 'quantity': 'aprox. 143 g'}
[2025-05-24 20:06:31] Supabase Response: data=[{'name': 'Mixt de bull negre i donegal', 'price': 1.1, 'category': 'drinks', 'store_id': 'bonarea', 'quantity': 'aprox. 143 g', 'id': '5a15111b-8479-4991-aaa6-4e5ecee4d7ff', 'created_at': '2025-05-24T17:06:30.07467'}] count=None
[2025-05-24 20:06:31] ✅ Successfully inserted: Mixt de bull negre i donegal
[2025-05-24 20:06:31] Attempting to insert product: {'name': 'Càpsules Nescafé Dolce Gusto espresso intens', 'price': 4.25, 'category': 'drinks', 'store_id': 'bonarea', 'quantity': '16 u.'}
[2025-05-24 20:06:31] Supabase Response: data=[{'name': 'Càpsules Nescafé Dolce Gusto espresso intens', 'price': 4.25, 'category': 'drinks', 'store_id': 'bonarea', 'quantity': '16 u.', 'id': '27c529b5-38c7-4d4d-8184-439904b5a891', 'created_at': '2025-05-24T17:06:30.318053'}] count=None
[2025-05-24 20:06:31] ✅ Successfully inserted: Càpsules Nescafé Dolce Gusto espresso intens
[2025-05-24 20:06:31] Attempting to insert product: {'name': 'Salmó adults', 'price': 13.8, 'category': 'drinks', 'store_id': 'bonarea', 'quantity': '10 kg'}
[2025-05-24 20:06:31] Supabase Response: data=[{'name': 'Salmó adults', 'price': 13.8, 'category': 'drinks', 'store_id': 'bonarea', 'quantity': '10 kg', 'id': '9bdf1e96-555a-490a-b6b8-23960369d569', 'created_at': '2025-05-24T17:06:30.58901'}] count=None
[2025-05-24 20:06:31] ✅ Successfully inserted: Salmó adults
[2025-05-24 20:06:31] Attempting to insert product: {'name': 'Salmó adults', 'price': 4.44, 'category': 'drinks', 'store_id': 'bonarea', 'quantity': '3 kg'}
[2025-05-24 20:06:31] Supabase Response: data=[{'name': 'Salmó adults', 'price': 4.44, 'category': 'drinks', 'store_id': 'bonarea', 'quantity': '3 kg', 'id': '6abcb2be-6f4b-4f44-99bb-0e476f116e23', 'created_at': '2025-05-24T17:06:30.827299'}] count=None
[2025-05-24 20:06:31] ✅ Successfully inserted: Salmó adults
[2025-05-24 20:06:32] Attempting to insert product: {'name': 'Original adults', 'price': 13.6, 'category': 'drinks', 'store_id': 'bonarea', 'quantity': '10 kg'}
[2025-05-24 20:06:32] Supabase Response: data=[{'name': 'Original adults', 'price': 13.6, 'category': 'drinks', 'store_id': 'bonarea', 'quantity': '10 kg', 'id': '083d38e5-6f57-44df-a375-dccf9362751a', 'created_at': '2025-05-24T17:06:31.082306'}] count=None
[2025-05-24 20:06:32] ✅ Successfully inserted: Original adults
[2025-05-24 20:06:32] Attempting to insert product: {'name': 'Original adults', 'price': 4.38, 'category': 'drinks', 'store_id': 'bonarea', 'quantity': '3 kg'}
[2025-05-24 20:06:32] Supabase Response: data=[{'name': 'Original adults', 'price': 4.38, 'category': 'drinks', 'store_id': 'bonarea', 'quantity': '3 kg', 'id': 'f0d6138d-3503-449e-b62d-4bb7bffafb6a', 'created_at': '2025-05-24T17:06:31.332316'}] count=None
[2025-05-24 20:06:32] ✅ Successfully inserted: Original adults
[2025-05-24 20:06:32] Attempting to insert product: {'name': 'Junior 2-12 mesos', 'price': 15.9, 'category': 'drinks', 'store_id': 'bonarea', 'quantity': '10 kg'}
[2025-05-24 20:06:32] Supabase Response: data=[{'name': 'Junior 2-12 mesos', 'price': 15.9, 'category': 'drinks', 'store_id': 'bonarea', 'quantity': '10 kg', 'id': '987bcf6b-008a-4c4d-8221-d6bf792845d0', 'created_at': '2025-05-24T17:06:31.582891'}] count=None
[2025-05-24 20:06:32] ✅ Successfully inserted: Junior 2-12 mesos
[2025-05-24 20:06:32] Attempting to insert product: {'name': 'Junior 2-12 mesos', 'price': 5.07, 'category': 'drinks', 'store_id': 'bonarea', 'quantity': '3 kg'}
[2025-05-24 20:06:33] Supabase Response: data=[{'name': 'Junior 2-12 mesos', 'price': 5.07, 'category': 'drinks', 'store_id': 'bonarea', 'quantity': '3 kg', 'id': '0ceefafc-e2f4-41ac-941c-f75bafc01bd7', 'created_at': '2025-05-24T17:06:31.846282'}] count=None
[2025-05-24 20:06:33] ✅ Successfully inserted: Junior 2-12 mesos
[2025-05-24 20:06:33] Attempting to insert product: {'name': 'Pit de pollastre groc sencer', 'price': 4.54, 'category': 'drinks', 'store_id': 'bonarea', 'quantity': 'aprox. 693 g'}
[2025-05-24 20:06:33] Supabase Response: data=[{'name': 'Pit de pollastre groc sencer', 'price': 4.54, 'category': 'drinks', 'store_id': 'bonarea', 'quantity': 'aprox. 693 g', 'id': 'f8d328e8-5423-4884-b6e9-17bea6322464', 'created_at': '2025-05-24T17:06:32.108713'}] count=None
[2025-05-24 20:06:33] ✅ Successfully inserted: Pit de pollastre groc sencer
[2025-05-24 20:06:33] Attempting to insert product: {'name': 'Pernilets de pollastre groc', 'price': 3.64, 'category': 'drinks', 'store_id': 'bonarea', 'quantity': 'aprox. 1,0 kg'}
[2025-05-24 20:06:33] Supabase Response: data=[{'name': 'Pernilets de pollastre groc', 'price': 3.64, 'category': 'drinks', 'store_id': 'bonarea', 'quantity': 'aprox. 1,0 kg', 'id': '2f98b8f0-554a-48f3-9238-ecad5e318ce5', 'created_at': '2025-05-24T17:06:32.353671'}] count=None
[2025-05-24 20:06:33] ✅ Successfully inserted: Pernilets de pollastre groc
[2025-05-24 20:06:33] Attempting to insert product: {'name': 'Pit de pollastre blanc sencer', 'price': 4.68, 'category': 'drinks', 'store_id': 'bonarea', 'quantity': 'aprox. 715 g'}
[2025-05-24 20:06:33] Supabase Response: data=[{'name': 'Pit de pollastre blanc sencer', 'price': 4.68, 'category': 'drinks', 'store_id': 'bonarea', 'quantity': 'aprox. 715 g', 'id': '35a85b58-eb0c-4727-b2d9-559f17e2bd77', 'created_at': '2025-05-24T17:06:32.612294'}] count=None
[2025-05-24 20:06:33] ✅ Successfully inserted: Pit de pollastre blanc sencer
[2025-05-24 20:06:33] Attempting to insert product: {'name': 'Pernilets de pollastre blanc', 'price': 3.8, 'category': 'drinks', 'store_id': 'bonarea', 'quantity': 'aprox. 1,1 kg'}
[2025-05-24 20:06:34] Supabase Response: data=[{'name': 'Pernilets de pollastre blanc', 'price': 3.8, 'category': 'drinks', 'store_id': 'bonarea', 'quantity': 'aprox. 1,1 kg', 'id': '97e14e72-a0f4-466c-a8ca-8afdd4315c1e', 'created_at': '2025-05-24T17:06:32.878228'}] count=None
[2025-05-24 20:06:34] ✅ Successfully inserted: Pernilets de pollastre blanc
[2025-05-24 20:06:34] Attempting to insert product: {'name': 'Pit de pollastre groc filetejat', 'price': 4.69, 'category': 'drinks', 'store_id': 'bonarea', 'quantity': 'aprox. 660 g'}
[2025-05-24 20:06:34] Supabase Response: data=[{'name': 'Pit de pollastre groc filetejat', 'price': 4.69, 'category': 'drinks', 'store_id': 'bonarea', 'quantity': 'aprox. 660 g', 'id': 'b8ab1554-2597-4ce2-9a3d-24ea23964e96', 'created_at': '2025-05-24T17:06:33.1436'}] count=None
[2025-05-24 20:06:34] ✅ Successfully inserted: Pit de pollastre groc filetejat
[2025-05-24 20:06:34] Attempting to insert product: {'name': 'Pit de pollastre sencer 65% cereals', 'price': 4.57, 'category': 'drinks', 'store_id': 'bonarea', 'quantity': 'aprox. 605 g'}
[2025-05-24 20:06:34] Supabase Response: data=[{'name': 'Pit de pollastre sencer 65% cereals', 'price': 4.57, 'category': 'drinks', 'store_id': 'bonarea', 'quantity': 'aprox. 605 g', 'id': '2683412b-093e-4368-acdf-04cdef1ec4b7', 'created_at': '2025-05-24T17:06:33.486295'}] count=None
[2025-05-24 20:06:34] ✅ Successfully inserted: Pit de pollastre sencer 65% cereals
[2025-05-24 20:06:39] Attempting to insert product: {'name': 'Gaspatxo', 'price': 2.85, 'category': 'drinks', 'store_id': 'bonarea', 'quantity': '1 l'}
[2025-05-24 20:06:39] Supabase Response: data=[{'name': 'Gaspatxo', 'price': 2.85, 'category': 'drinks', 'store_id': 'bonarea', 'quantity': '1 l', 'id': '6554a4e9-e31d-4ecc-b5a4-b1bd11ea16d1', 'created_at': '2025-05-24T17:06:38.338296'}] count=None
[2025-05-24 20:06:39] ✅ Successfully inserted: Gaspatxo
[2025-05-24 20:06:39] Attempting to insert product: {'name': 'Salmorejo', 'price': 3.15, 'category': 'drinks', 'store_id': 'bonarea', 'quantity': '1 l'}
[2025-05-24 20:06:39] Supabase Response: data=[{'name': 'Salmorejo', 'price': 3.15, 'category': 'drinks', 'store_id': 'bonarea', 'quantity': '1 l', 'id': '27e06765-55d6-4b0f-b5f6-1504cf55e13f', 'created_at': '2025-05-24T17:06:38.603829'}] count=None
[2025-05-24 20:06:39] ✅ Successfully inserted: Salmorejo
[2025-05-24 20:06:39] Attempting to insert product: {'name': 'Gaspatxo bric', 'price': 1.95, 'category': 'drinks', 'store_id': 'bonarea', 'quantity': '1 l'}
[2025-05-24 20:06:40] Supabase Response: data=[{'name': 'Gaspatxo bric', 'price': 1.95, 'category': 'drinks', 'store_id': 'bonarea', 'quantity': '1 l', 'id': 'bd20292c-9cd8-4130-b093-c2954c652dee', 'created_at': '2025-05-24T17:06:38.91596'}] count=None
[2025-05-24 20:06:40] ✅ Successfully inserted: Gaspatxo bric
[2025-05-24 20:06:40] Attempting to insert product: {'name': 'Salmorejo bric', 'price': 2.3, 'category': 'drinks', 'store_id': 'bonarea', 'quantity': '1 l'}
[2025-05-24 20:06:40] Supabase Response: data=[{'name': 'Salmorejo bric', 'price': 2.3, 'category': 'drinks', 'store_id': 'bonarea', 'quantity': '1 l', 'id': '99655622-a59d-4f73-a14d-8d05f5d4ca19', 'created_at': '2025-05-24T17:06:39.216997'}] count=None
[2025-05-24 20:06:40] ✅ Successfully inserted: Salmorejo bric
[2025-05-24 20:06:40] Attempting to insert product: {'name': 'Gaspatxo estil andalús', 'price': 1.1, 'category': 'drinks', 'store_id': 'bonarea', 'quantity': '300 g'}
[2025-05-24 20:06:40] Supabase Response: data=[{'name': 'Gaspatxo estil andalús', 'price': 1.1, 'category': 'drinks', 'store_id': 'bonarea', 'quantity': '300 g', 'id': 'c2c75e19-6102-4238-b1f0-52d4ca294dd7', 'created_at': '2025-05-24T17:06:39.527806'}] count=None
[2025-05-24 20:06:40] ✅ Successfully inserted: Gaspatxo estil andalús
[2025-05-24 20:06:40] Attempting to insert product: {'name': 'Gaspatxo de maduixa', 'price': 1.25, 'category': 'drinks', 'store_id': 'bonarea', 'quantity': '300 g'}
[2025-05-24 20:06:41] Supabase Response: data=[{'name': 'Gaspatxo de maduixa', 'price': 1.25, 'category': 'drinks', 'store_id': 'bonarea', 'quantity': '300 g', 'id': '36fc6065-3226-46e3-beba-43012197d0e1', 'created_at': '2025-05-24T17:06:39.895051'}] count=None
[2025-05-24 20:06:41] ✅ Successfully inserted: Gaspatxo de maduixa
[2025-05-24 20:06:41] Attempting to insert product: {'name': 'Hummus', 'price': 0.94, 'category': 'drinks', 'store_id': 'bonarea', 'quantity': '200 g'}
[2025-05-24 20:06:41] Supabase Response: data=[{'name': 'Hummus', 'price': 0.94, 'category': 'drinks', 'store_id': 'bonarea', 'quantity': '200 g', 'id': 'e0e4bb25-8285-4a7f-8b0c-210dd7d878bb', 'created_at': '2025-05-24T17:06:40.244766'}] count=None
[2025-05-24 20:06:41] ✅ Successfully inserted: Hummus
[2025-05-24 20:06:41] Attempting to insert product: {'name': 'Cap de llom filetejat a la planxa', 'price': 2.4, 'category': 'drinks', 'store_id': 'bonarea', 'quantity': 'aprox. 198 g'}
[2025-05-24 20:06:41] Supabase Response: data=[{'name': 'Cap de llom filetejat a la planxa', 'price': 2.4, 'category': 'drinks', 'store_id': 'bonarea', 'quantity': 'aprox. 198 g', 'id': 'c3aa33a1-39f4-4843-bed9-6024215c61b0', 'created_at': '2025-05-24T17:06:40.555626'}] count=None
[2025-05-24 20:06:41] ✅ Successfully inserted: Cap de llom filetejat a la planxa
[2025-05-24 20:06:41] Attempting to insert product: {'name': "Conill d'espatlla d'anoll", 'price': 16.91, 'category': 'drinks', 'store_id': 'bonarea', 'quantity': 'aprox. 1,6 kg'}
[2025-05-24 20:06:42] Supabase Response: data=[{'name': "Conill d'espatlla d'anoll", 'price': 16.91, 'category': 'drinks', 'store_id': 'bonarea', 'quantity': 'aprox. 1,6 kg', 'id': '04fd08e9-15ae-4620-b6d7-3eb820788154', 'created_at': '2025-05-24T17:06:40.878255'}] count=None
[2025-05-24 20:06:42] ✅ Successfully inserted: Conill d'espatlla d'anoll
[2025-05-24 20:06:42] Attempting to insert product: {'name': "Jarret d'anoll", 'price': 22.76, 'category': 'drinks', 'store_id': 'bonarea', 'quantity': 'aprox. 2,0 kg'}
[2025-05-24 20:06:42] Supabase Response: data=[{'name': "Jarret d'anoll", 'price': 22.76, 'category': 'drinks', 'store_id': 'bonarea', 'quantity': 'aprox. 2,0 kg', 'id': '407e1bb7-ac12-4109-8357-bc8906132996', 'created_at': '2025-05-24T17:06:41.164214'}] count=None
[2025-05-24 20:06:42] ✅ Successfully inserted: Jarret d'anoll
[2025-05-24 20:06:42] Attempting to insert product: {'name': 'Mixt de bull negre i donegal', 'price': 1.1, 'category': 'drinks', 'store_id': 'bonarea', 'quantity': 'aprox. 143 g'}
[2025-05-24 20:06:42] Supabase Response: data=[{'name': 'Mixt de bull negre i donegal', 'price': 1.1, 'category': 'drinks', 'store_id': 'bonarea', 'quantity': 'aprox. 143 g', 'id': '142fc488-1af2-4c64-a309-4c2e9ae34e2c', 'created_at': '2025-05-24T17:06:41.474081'}] count=None
[2025-05-24 20:06:42] ✅ Successfully inserted: Mixt de bull negre i donegal
[2025-05-24 20:06:42] Attempting to insert product: {'name': 'Càpsules Nescafé Dolce Gusto espresso intens', 'price': 4.25, 'category': 'drinks', 'store_id': 'bonarea', 'quantity': '16 u.'}
[2025-05-24 20:06:42] Supabase Response: data=[{'name': 'Càpsules Nescafé Dolce Gusto espresso intens', 'price': 4.25, 'category': 'drinks', 'store_id': 'bonarea', 'quantity': '16 u.', 'id': 'fe22c1e4-60b7-4c9f-abf9-fbd6e6476279', 'created_at': '2025-05-24T17:06:41.803651'}] count=None
[2025-05-24 20:06:42] ✅ Successfully inserted: Càpsules Nescafé Dolce Gusto espresso intens
[2025-05-24 20:06:43] Attempting to insert product: {'name': 'Salmó adults', 'price': 13.8, 'category': 'drinks', 'store_id': 'bonarea', 'quantity': '10 kg'}
[2025-05-24 20:06:43] Supabase Response: data=[{'name': 'Salmó adults', 'price': 13.8, 'category': 'drinks', 'store_id': 'bonarea', 'quantity': '10 kg', 'id': '831f7159-b389-4f98-bb4d-786a9ac1abdc', 'created_at': '2025-05-24T17:06:42.091013'}] count=None
[2025-05-24 20:06:43] ✅ Successfully inserted: Salmó adults
[2025-05-24 20:06:43] Attempting to insert product: {'name': 'Salmó adults', 'price': 4.44, 'category': 'drinks', 'store_id': 'bonarea', 'quantity': '3 kg'}
[2025-05-24 20:06:43] Supabase Response: data=[{'name': 'Salmó adults', 'price': 4.44, 'category': 'drinks', 'store_id': 'bonarea', 'quantity': '3 kg', 'id': '18cc296e-5c66-4217-90fd-20c049182d73', 'created_at': '2025-05-24T17:06:42.398838'}] count=None
[2025-05-24 20:06:43] ✅ Successfully inserted: Salmó adults
[2025-05-24 20:06:43] Attempting to insert product: {'name': 'Original adults', 'price': 13.6, 'category': 'drinks', 'store_id': 'bonarea', 'quantity': '10 kg'}
[2025-05-24 20:06:43] Supabase Response: data=[{'name': 'Original adults', 'price': 13.6, 'category': 'drinks', 'store_id': 'bonarea', 'quantity': '10 kg', 'id': '82ddc35e-78cf-440a-9991-8db65133df59', 'created_at': '2025-05-24T17:06:42.663917'}] count=None
[2025-05-24 20:06:43] ✅ Successfully inserted: Original adults
[2025-05-24 20:06:43] Attempting to insert product: {'name': 'Original adults', 'price': 4.38, 'category': 'drinks', 'store_id': 'bonarea', 'quantity': '3 kg'}
[2025-05-24 20:06:44] Supabase Response: data=[{'name': 'Original adults', 'price': 4.38, 'category': 'drinks', 'store_id': 'bonarea', 'quantity': '3 kg', 'id': '72dbda37-f85f-42f9-b771-4282527a13c3', 'created_at': '2025-05-24T17:06:43.033785'}] count=None
[2025-05-24 20:06:44] ✅ Successfully inserted: Original adults
[2025-05-24 20:06:44] Attempting to insert product: {'name': 'Junior 2-12 mesos', 'price': 15.9, 'category': 'drinks', 'store_id': 'bonarea', 'quantity': '10 kg'}
[2025-05-24 20:06:44] Supabase Response: data=[{'name': 'Junior 2-12 mesos', 'price': 15.9, 'category': 'drinks', 'store_id': 'bonarea', 'quantity': '10 kg', 'id': '0fc970a5-1cf6-4931-9390-2dfb492700d8', 'created_at': '2025-05-24T17:06:43.318295'}] count=None
[2025-05-24 20:06:44] ✅ Successfully inserted: Junior 2-12 mesos
[2025-05-24 20:06:44] Attempting to insert product: {'name': 'Junior 2-12 mesos', 'price': 5.07, 'category': 'drinks', 'store_id': 'bonarea', 'quantity': '3 kg'}
[2025-05-24 20:06:44] Supabase Response: data=[{'name': 'Junior 2-12 mesos', 'price': 5.07, 'category': 'drinks', 'store_id': 'bonarea', 'quantity': '3 kg', 'id': 'b94521f7-f105-45ba-956d-d69ef57a3a30', 'created_at': '2025-05-24T17:06:43.641274'}] count=None
[2025-05-24 20:06:44] ✅ Successfully inserted: Junior 2-12 mesos
[2025-05-24 20:06:44] Attempting to insert product: {'name': 'Pit de pollastre groc sencer', 'price': 4.54, 'category': 'drinks', 'store_id': 'bonarea', 'quantity': 'aprox. 693 g'}
[2025-05-24 20:06:45] Supabase Response: data=[{'name': 'Pit de pollastre groc sencer', 'price': 4.54, 'category': 'drinks', 'store_id': 'bonarea', 'quantity': 'aprox. 693 g', 'id': '652f19f8-556d-4b8d-a1d5-31c874ba5f20', 'created_at': '2025-05-24T17:06:43.927564'}] count=None
[2025-05-24 20:06:45] ✅ Successfully inserted: Pit de pollastre groc sencer
[2025-05-24 20:06:45] Attempting to insert product: {'name': 'Pernilets de pollastre groc', 'price': 3.64, 'category': 'drinks', 'store_id': 'bonarea', 'quantity': 'aprox. 1,0 kg'}
[2025-05-24 20:06:45] Supabase Response: data=[{'name': 'Pernilets de pollastre groc', 'price': 3.64, 'category': 'drinks', 'store_id': 'bonarea', 'quantity': 'aprox. 1,0 kg', 'id': '486c0075-690c-4516-802c-8cb4948289f2', 'created_at': '2025-05-24T17:06:44.193979'}] count=None
[2025-05-24 20:06:45] ✅ Successfully inserted: Pernilets de pollastre groc
[2025-05-24 20:06:45] Attempting to insert product: {'name': 'Pit de pollastre blanc sencer', 'price': 4.68, 'category': 'drinks', 'store_id': 'bonarea', 'quantity': 'aprox. 715 g'}
[2025-05-24 20:06:45] Supabase Response: data=[{'name': 'Pit de pollastre blanc sencer', 'price': 4.68, 'category': 'drinks', 'store_id': 'bonarea', 'quantity': 'aprox. 715 g', 'id': '5ddc85e4-cb43-4e74-9ca6-3d40f0607803', 'created_at': '2025-05-24T17:06:44.546503'}] count=None
[2025-05-24 20:06:45] ✅ Successfully inserted: Pit de pollastre blanc sencer
[2025-05-24 20:06:45] Attempting to insert product: {'name': 'Pernilets de pollastre blanc', 'price': 3.8, 'category': 'drinks', 'store_id': 'bonarea', 'quantity': 'aprox. 1,1 kg'}
[2025-05-24 20:06:46] Supabase Response: data=[{'name': 'Pernilets de pollastre blanc', 'price': 3.8, 'category': 'drinks', 'store_id': 'bonarea', 'quantity': 'aprox. 1,1 kg', 'id': '224c6dbc-b7b9-4d28-913d-3cd4bd073449', 'created_at': '2025-05-24T17:06:44.872971'}] count=None
[2025-05-24 20:06:46] ✅ Successfully inserted: Pernilets de pollastre blanc
[2025-05-24 20:06:46] Attempting to insert product: {'name': 'Pit de pollastre groc filetejat', 'price': 4.69, 'category': 'drinks', 'store_id': 'bonarea', 'quantity': 'aprox. 660 g'}
[2025-05-24 20:06:46] Supabase Response: data=[{'name': 'Pit de pollastre groc filetejat', 'price': 4.69, 'category': 'drinks', 'store_id': 'bonarea', 'quantity': 'aprox. 660 g', 'id': '603c0ba8-19f8-45ec-b4f9-52b0adc9c28b', 'created_at': '2025-05-24T17:06:45.158717'}] count=None
[2025-05-24 20:06:46] ✅ Successfully inserted: Pit de pollastre groc filetejat
[2025-05-24 20:06:46] Attempting to insert product: {'name': 'Pit de pollastre sencer 65% cereals', 'price': 4.57, 'category': 'drinks', 'store_id': 'bonarea', 'quantity': 'aprox. 605 g'}
[2025-05-24 20:06:46] Supabase Response: data=[{'name': 'Pit de pollastre sencer 65% cereals', 'price': 4.57, 'category': 'drinks', 'store_id': 'bonarea', 'quantity': 'aprox. 605 g', 'id': '0eec5606-77d9-4457-bbcc-38712fa941c1', 'created_at': '2025-05-24T17:06:45.482759'}] count=None
[2025-05-24 20:06:46] ✅ Successfully inserted: Pit de pollastre sencer 65% cereals
[2025-05-24 20:06:50] Attempting to insert product: {'name': 'Gaspatxo', 'price': 2.85, 'category': 'drinks', 'store_id': 'bonarea', 'quantity': '1 l'}
[2025-05-24 20:06:50] Supabase Response: data=[{'name': 'Gaspatxo', 'price': 2.85, 'category': 'drinks', 'store_id': 'bonarea', 'quantity': '1 l', 'id': '8cfd15d4-cb45-4c77-9cbd-20fb83d0866f', 'created_at': '2025-05-24T17:06:49.584538'}] count=None
[2025-05-24 20:06:50] ✅ Successfully inserted: Gaspatxo
[2025-05-24 20:06:50] Attempting to insert product: {'name': 'Salmorejo', 'price': 3.15, 'category': 'drinks', 'store_id': 'bonarea', 'quantity': '1 l'}
[2025-05-24 20:06:50] Supabase Response: data=[{'name': 'Salmorejo', 'price': 3.15, 'category': 'drinks', 'store_id': 'bonarea', 'quantity': '1 l', 'id': '0b496ffb-c429-4981-ae82-69bd7aa3fcf2', 'created_at': '2025-05-24T17:06:49.829963'}] count=None
[2025-05-24 20:06:50] ✅ Successfully inserted: Salmorejo
[2025-05-24 20:06:51] Attempting to insert product: {'name': 'Gaspatxo bric', 'price': 1.95, 'category': 'drinks', 'store_id': 'bonarea', 'quantity': '1 l'}
[2025-05-24 20:06:51] Supabase Response: data=[{'name': 'Gaspatxo bric', 'price': 1.95, 'category': 'drinks', 'store_id': 'bonarea', 'quantity': '1 l', 'id': 'd8f7ab5e-1929-49e4-ac16-e6898b3d02ad', 'created_at': '2025-05-24T17:06:50.08626'}] count=None
[2025-05-24 20:06:51] ✅ Successfully inserted: Gaspatxo bric
[2025-05-24 20:06:51] Attempting to insert product: {'name': 'Salmorejo bric', 'price': 2.3, 'category': 'drinks', 'store_id': 'bonarea', 'quantity': '1 l'}
[2025-05-24 20:06:51] Supabase Response: data=[{'name': 'Salmorejo bric', 'price': 2.3, 'category': 'drinks', 'store_id': 'bonarea', 'quantity': '1 l', 'id': '42b1f28b-5849-4f1d-8db7-e5ab401b5876', 'created_at': '2025-05-24T17:06:50.324144'}] count=None
[2025-05-24 20:06:51] ✅ Successfully inserted: Salmorejo bric
[2025-05-24 20:06:51] Attempting to insert product: {'name': 'Gaspatxo estil andalús', 'price': 1.1, 'category': 'drinks', 'store_id': 'bonarea', 'quantity': '300 g'}
[2025-05-24 20:06:51] Supabase Response: data=[{'name': 'Gaspatxo estil andalús', 'price': 1.1, 'category': 'drinks', 'store_id': 'bonarea', 'quantity': '300 g', 'id': '9c25f474-245c-452c-a331-93df06da62d3', 'created_at': '2025-05-24T17:06:50.568039'}] count=None
[2025-05-24 20:06:51] ✅ Successfully inserted: Gaspatxo estil andalús
[2025-05-24 20:06:51] Attempting to insert product: {'name': 'Gaspatxo de maduixa', 'price': 1.25, 'category': 'drinks', 'store_id': 'bonarea', 'quantity': '300 g'}
[2025-05-24 20:06:51] Supabase Response: data=[{'name': 'Gaspatxo de maduixa', 'price': 1.25, 'category': 'drinks', 'store_id': 'bonarea', 'quantity': '300 g', 'id': 'd97bbe0e-2b64-4fd0-a5c4-c7cff33e244b', 'created_at': '2025-05-24T17:06:50.825207'}] count=None
[2025-05-24 20:06:51] ✅ Successfully inserted: Gaspatxo de maduixa
[2025-05-24 20:06:52] Attempting to insert product: {'name': 'Hummus', 'price': 0.94, 'category': 'drinks', 'store_id': 'bonarea', 'quantity': '200 g'}
[2025-05-24 20:06:52] Supabase Response: data=[{'name': 'Hummus', 'price': 0.94, 'category': 'drinks', 'store_id': 'bonarea', 'quantity': '200 g', 'id': 'dedc8e31-a57d-46f0-b178-d832aa1a3ef7', 'created_at': '2025-05-24T17:06:51.070024'}] count=None
[2025-05-24 20:06:52] ✅ Successfully inserted: Hummus
[2025-05-24 20:06:52] Attempting to insert product: {'name': 'Cap de llom filetejat a la planxa', 'price': 2.4, 'category': 'drinks', 'store_id': 'bonarea', 'quantity': 'aprox. 198 g'}
[2025-05-24 20:06:52] Supabase Response: data=[{'name': 'Cap de llom filetejat a la planxa', 'price': 2.4, 'category': 'drinks', 'store_id': 'bonarea', 'quantity': 'aprox. 198 g', 'id': 'ffca22eb-7cdb-4a98-a49c-a67ebb58480f', 'created_at': '2025-05-24T17:06:51.340338'}] count=None
[2025-05-24 20:06:52] ✅ Successfully inserted: Cap de llom filetejat a la planxa
[2025-05-24 20:06:52] Attempting to insert product: {'name': "Conill d'espatlla d'anoll", 'price': 16.91, 'category': 'drinks', 'store_id': 'bonarea', 'quantity': 'aprox. 1,6 kg'}
[2025-05-24 20:06:52] Supabase Response: data=[{'name': "Conill d'espatlla d'anoll", 'price': 16.91, 'category': 'drinks', 'store_id': 'bonarea', 'quantity': 'aprox. 1,6 kg', 'id': '4207e474-1e6b-4242-94a8-c54cf3b0acb4', 'created_at': '2025-05-24T17:06:51.60146'}] count=None
[2025-05-24 20:06:52] ✅ Successfully inserted: Conill d'espatlla d'anoll
[2025-05-24 20:06:52] Attempting to insert product: {'name': "Jarret d'anoll", 'price': 22.76, 'category': 'drinks', 'store_id': 'bonarea', 'quantity': 'aprox. 2,0 kg'}
[2025-05-24 20:06:53] Supabase Response: data=[{'name': "Jarret d'anoll", 'price': 22.76, 'category': 'drinks', 'store_id': 'bonarea', 'quantity': 'aprox. 2,0 kg', 'id': 'dab4a655-51fd-4369-a851-3dfef7d7c522', 'created_at': '2025-05-24T17:06:51.852625'}] count=None
[2025-05-24 20:06:53] ✅ Successfully inserted: Jarret d'anoll
[2025-05-24 20:06:53] Attempting to insert product: {'name': 'Mixt de bull negre i donegal', 'price': 1.1, 'category': 'drinks', 'store_id': 'bonarea', 'quantity': 'aprox. 143 g'}
[2025-05-24 20:06:53] Supabase Response: data=[{'name': 'Mixt de bull negre i donegal', 'price': 1.1, 'category': 'drinks', 'store_id': 'bonarea', 'quantity': 'aprox. 143 g', 'id': '88cb2396-ef76-4251-b102-617d62b971ac', 'created_at': '2025-05-24T17:06:52.11876'}] count=None
[2025-05-24 20:06:53] ✅ Successfully inserted: Mixt de bull negre i donegal
[2025-05-24 20:06:53] Attempting to insert product: {'name': 'Càpsules Nescafé Dolce Gusto espresso intens', 'price': 4.25, 'category': 'drinks', 'store_id': 'bonarea', 'quantity': '16 u.'}
[2025-05-24 20:06:53] Supabase Response: data=[{'name': 'Càpsules Nescafé Dolce Gusto espresso intens', 'price': 4.25, 'category': 'drinks', 'store_id': 'bonarea', 'quantity': '16 u.', 'id': 'b4f18872-3ddb-45bb-a81b-350c0eeb2c39', 'created_at': '2025-05-24T17:06:52.42214'}] count=None
[2025-05-24 20:06:53] ✅ Successfully inserted: Càpsules Nescafé Dolce Gusto espresso intens
[2025-05-24 20:06:53] Attempting to insert product: {'name': 'Salmó adults', 'price': 13.8, 'category': 'drinks', 'store_id': 'bonarea', 'quantity': '10 kg'}
[2025-05-24 20:06:53] Supabase Response: data=[{'name': 'Salmó adults', 'price': 13.8, 'category': 'drinks', 'store_id': 'bonarea', 'quantity': '10 kg', 'id': '4261f445-f894-49c6-bd49-2f140a32b0ed', 'created_at': '2025-05-24T17:06:52.663809'}] count=None
[2025-05-24 20:06:53] ✅ Successfully inserted: Salmó adults
[2025-05-24 20:06:53] Attempting to insert product: {'name': 'Salmó adults', 'price': 4.44, 'category': 'drinks', 'store_id': 'bonarea', 'quantity': '3 kg'}
[2025-05-24 20:06:54] Supabase Response: data=[{'name': 'Salmó adults', 'price': 4.44, 'category': 'drinks', 'store_id': 'bonarea', 'quantity': '3 kg', 'id': '3ef765a2-f75c-4ee1-80d0-1081e7a0342d', 'created_at': '2025-05-24T17:06:52.958067'}] count=None
[2025-05-24 20:06:54] ✅ Successfully inserted: Salmó adults
[2025-05-24 20:06:54] Attempting to insert product: {'name': 'Original adults', 'price': 13.6, 'category': 'drinks', 'store_id': 'bonarea', 'quantity': '10 kg'}
[2025-05-24 20:06:54] Supabase Response: data=[{'name': 'Original adults', 'price': 13.6, 'category': 'drinks', 'store_id': 'bonarea', 'quantity': '10 kg', 'id': '9eb8ff5e-797b-43be-994a-52b6960e4faa', 'created_at': '2025-05-24T17:06:53.240198'}] count=None
[2025-05-24 20:06:54] ✅ Successfully inserted: Original adults
[2025-05-24 20:06:54] Attempting to insert product: {'name': 'Original adults', 'price': 4.38, 'category': 'drinks', 'store_id': 'bonarea', 'quantity': '3 kg'}
[2025-05-24 20:06:54] Supabase Response: data=[{'name': 'Original adults', 'price': 4.38, 'category': 'drinks', 'store_id': 'bonarea', 'quantity': '3 kg', 'id': '44c10566-fddc-49c0-b4eb-dccca913dd4d', 'created_at': '2025-05-24T17:06:53.551184'}] count=None
[2025-05-24 20:06:54] ✅ Successfully inserted: Original adults
[2025-05-24 20:06:54] Attempting to insert product: {'name': 'Junior 2-12 mesos', 'price': 15.9, 'category': 'drinks', 'store_id': 'bonarea', 'quantity': '10 kg'}
[2025-05-24 20:06:55] Supabase Response: data=[{'name': 'Junior 2-12 mesos', 'price': 15.9, 'category': 'drinks', 'store_id': 'bonarea', 'quantity': '10 kg', 'id': '81b10dd3-b379-41c8-a5af-2cc3416cc315', 'created_at': '2025-05-24T17:06:53.807176'}] count=None
[2025-05-24 20:06:55] ✅ Successfully inserted: Junior 2-12 mesos
[2025-05-24 20:06:55] Attempting to insert product: {'name': 'Junior 2-12 mesos', 'price': 5.07, 'category': 'drinks', 'store_id': 'bonarea', 'quantity': '3 kg'}
[2025-05-24 20:06:55] Supabase Response: data=[{'name': 'Junior 2-12 mesos', 'price': 5.07, 'category': 'drinks', 'store_id': 'bonarea', 'quantity': '3 kg', 'id': '7a9bb4fd-a3eb-40e7-a3c7-16f307387d18', 'created_at': '2025-05-24T17:06:54.167392'}] count=None
[2025-05-24 20:06:55] ✅ Successfully inserted: Junior 2-12 mesos
[2025-05-24 20:06:55] Attempting to insert product: {'name': 'Pit de pollastre groc sencer', 'price': 4.54, 'category': 'drinks', 'store_id': 'bonarea', 'quantity': 'aprox. 693 g'}
[2025-05-24 20:06:55] Supabase Response: data=[{'name': 'Pit de pollastre groc sencer', 'price': 4.54, 'category': 'drinks', 'store_id': 'bonarea', 'quantity': 'aprox. 693 g', 'id': '22857133-efac-4d45-aa82-d9be41ee4af0', 'created_at': '2025-05-24T17:06:54.478414'}] count=None
[2025-05-24 20:06:55] ✅ Successfully inserted: Pit de pollastre groc sencer
[2025-05-24 20:06:55] Attempting to insert product: {'name': 'Pernilets de pollastre groc', 'price': 3.64, 'category': 'drinks', 'store_id': 'bonarea', 'quantity': 'aprox. 1,0 kg'}
[2025-05-24 20:06:55] Supabase Response: data=[{'name': 'Pernilets de pollastre groc', 'price': 3.64, 'category': 'drinks', 'store_id': 'bonarea', 'quantity': 'aprox. 1,0 kg', 'id': 'd82a2ce0-0f96-47e3-9078-2268deae0143', 'created_at': '2025-05-24T17:06:54.803365'}] count=None
[2025-05-24 20:06:55] ✅ Successfully inserted: Pernilets de pollastre groc
[2025-05-24 20:06:56] Attempting to insert product: {'name': 'Pit de pollastre blanc sencer', 'price': 4.68, 'category': 'drinks', 'store_id': 'bonarea', 'quantity': 'aprox. 715 g'}
[2025-05-24 20:06:56] Supabase Response: data=[{'name': 'Pit de pollastre blanc sencer', 'price': 4.68, 'category': 'drinks', 'store_id': 'bonarea', 'quantity': 'aprox. 715 g', 'id': '1fe0b5bd-6b3c-41c0-8b88-f850f6c733ec', 'created_at': '2025-05-24T17:06:55.1097'}] count=None
[2025-05-24 20:06:56] ✅ Successfully inserted: Pit de pollastre blanc sencer
[2025-05-24 20:06:56] Attempting to insert product: {'name': 'Pernilets de pollastre blanc', 'price': 3.8, 'category': 'drinks', 'store_id': 'bonarea', 'quantity': 'aprox. 1,1 kg'}
[2025-05-24 20:06:56] Supabase Response: data=[{'name': 'Pernilets de pollastre blanc', 'price': 3.8, 'category': 'drinks', 'store_id': 'bonarea', 'quantity': 'aprox. 1,1 kg', 'id': 'aafe6662-d980-47bd-ab3f-5b09a20e0637', 'created_at': '2025-05-24T17:06:55.404867'}] count=None
[2025-05-24 20:06:56] ✅ Successfully inserted: Pernilets de pollastre blanc
[2025-05-24 20:06:56] Attempting to insert product: {'name': 'Pit de pollastre groc filetejat', 'price': 4.69, 'category': 'drinks', 'store_id': 'bonarea', 'quantity': 'aprox. 660 g'}
[2025-05-24 20:06:56] Supabase Response: data=[{'name': 'Pit de pollastre groc filetejat', 'price': 4.69, 'category': 'drinks', 'store_id': 'bonarea', 'quantity': 'aprox. 660 g', 'id': 'd416c96b-3fef-410c-baec-d30cd01cb3d0', 'created_at': '2025-05-24T17:06:55.70293'}] count=None
[2025-05-24 20:06:56] ✅ Successfully inserted: Pit de pollastre groc filetejat
[2025-05-24 20:06:56] Attempting to insert product: {'name': 'Pit de pollastre sencer 65% cereals', 'price': 4.57, 'category': 'drinks', 'store_id': 'bonarea', 'quantity': 'aprox. 605 g'}
[2025-05-24 20:06:57] Supabase Response: data=[{'name': 'Pit de pollastre sencer 65% cereals', 'price': 4.57, 'category': 'drinks', 'store_id': 'bonarea', 'quantity': 'aprox. 605 g', 'id': '1306fa62-2ce6-423b-9acc-e39946777b90', 'created_at': '2025-05-24T17:06:56.029566'}] count=None
[2025-05-24 20:06:57] ✅ Successfully inserted: Pit de pollastre sencer 65% cereals
[2025-05-24 20:07:01] Attempting to insert product: {'name': 'Gaspatxo', 'price': 2.85, 'category': 'drinks', 'store_id': 'bonarea', 'quantity': '1 l'}
[2025-05-24 20:07:01] Supabase Response: data=[{'name': 'Gaspatxo', 'price': 2.85, 'category': 'drinks', 'store_id': 'bonarea', 'quantity': '1 l', 'id': 'e4cb8034-4285-480a-b9fa-704c8d77e55c', 'created_at': '2025-05-24T17:07:00.109256'}] count=None
[2025-05-24 20:07:01] ✅ Successfully inserted: Gaspatxo
[2025-05-24 20:07:01] Attempting to insert product: {'name': 'Salmorejo', 'price': 3.15, 'category': 'drinks', 'store_id': 'bonarea', 'quantity': '1 l'}
[2025-05-24 20:07:01] Supabase Response: data=[{'name': 'Salmorejo', 'price': 3.15, 'category': 'drinks', 'store_id': 'bonarea', 'quantity': '1 l', 'id': 'df969298-8be2-4396-a407-65589fc5e728', 'created_at': '2025-05-24T17:07:00.359525'}] count=None
[2025-05-24 20:07:01] ✅ Successfully inserted: Salmorejo
[2025-05-24 20:07:01] Attempting to insert product: {'name': 'Gaspatxo bric', 'price': 1.95, 'category': 'drinks', 'store_id': 'bonarea', 'quantity': '1 l'}
[2025-05-24 20:07:01] Supabase Response: data=[{'name': 'Gaspatxo bric', 'price': 1.95, 'category': 'drinks', 'store_id': 'bonarea', 'quantity': '1 l', 'id': '81a478e9-9add-4b5d-ad44-b8ae6c3cf2d9', 'created_at': '2025-05-24T17:07:00.604728'}] count=None
[2025-05-24 20:07:01] ✅ Successfully inserted: Gaspatxo bric
[2025-05-24 20:07:01] Attempting to insert product: {'name': 'Salmorejo bric', 'price': 2.3, 'category': 'drinks', 'store_id': 'bonarea', 'quantity': '1 l'}
[2025-05-24 20:07:02] Supabase Response: data=[{'name': 'Salmorejo bric', 'price': 2.3, 'category': 'drinks', 'store_id': 'bonarea', 'quantity': '1 l', 'id': '60a7e09d-e48d-4eac-90eb-1005ef96ad25', 'created_at': '2025-05-24T17:07:00.869942'}] count=None
[2025-05-24 20:07:02] ✅ Successfully inserted: Salmorejo bric
[2025-05-24 20:07:02] Attempting to insert product: {'name': 'Gaspatxo estil andalús', 'price': 1.1, 'category': 'drinks', 'store_id': 'bonarea', 'quantity': '300 g'}
[2025-05-24 20:07:02] Supabase Response: data=[{'name': 'Gaspatxo estil andalús', 'price': 1.1, 'category': 'drinks', 'store_id': 'bonarea', 'quantity': '300 g', 'id': 'f3a13c9e-7250-4c70-b18b-6f2dfa63b154', 'created_at': '2025-05-24T17:07:01.114696'}] count=None
[2025-05-24 20:07:02] ✅ Successfully inserted: Gaspatxo estil andalús
[2025-05-24 20:07:02] Attempting to insert product: {'name': 'Gaspatxo de maduixa', 'price': 1.25, 'category': 'drinks', 'store_id': 'bonarea', 'quantity': '300 g'}
[2025-05-24 20:07:02] Supabase Response: data=[{'name': 'Gaspatxo de maduixa', 'price': 1.25, 'category': 'drinks', 'store_id': 'bonarea', 'quantity': '300 g', 'id': '6539bc9c-2bbc-4d61-a1fa-26f83e60c246', 'created_at': '2025-05-24T17:07:01.359418'}] count=None
[2025-05-24 20:07:02] ✅ Successfully inserted: Gaspatxo de maduixa
[2025-05-24 20:07:02] Attempting to insert product: {'name': 'Hummus', 'price': 0.94, 'category': 'drinks', 'store_id': 'bonarea', 'quantity': '200 g'}
[2025-05-24 20:07:02] Supabase Response: data=[{'name': 'Hummus', 'price': 0.94, 'category': 'drinks', 'store_id': 'bonarea', 'quantity': '200 g', 'id': '07e2da88-9380-43d4-8f62-006a2b2f621b', 'created_at': '2025-05-24T17:07:01.613271'}] count=None
[2025-05-24 20:07:02] ✅ Successfully inserted: Hummus
[2025-05-24 20:07:02] Attempting to insert product: {'name': 'Cap de llom filetejat a la planxa', 'price': 2.4, 'category': 'drinks', 'store_id': 'bonarea', 'quantity': 'aprox. 198 g'}
[2025-05-24 20:07:03] Supabase Response: data=[{'name': 'Cap de llom filetejat a la planxa', 'price': 2.4, 'category': 'drinks', 'store_id': 'bonarea', 'quantity': 'aprox. 198 g', 'id': 'e5602f02-1afa-4eb8-b989-396898c9f58f', 'created_at': '2025-05-24T17:07:01.951325'}] count=None
[2025-05-24 20:07:03] ✅ Successfully inserted: Cap de llom filetejat a la planxa
[2025-05-24 20:07:03] Attempting to insert product: {'name': "Conill d'espatlla d'anoll", 'price': 16.91, 'category': 'drinks', 'store_id': 'bonarea', 'quantity': 'aprox. 1,6 kg'}
[2025-05-24 20:07:03] Supabase Response: data=[{'name': "Conill d'espatlla d'anoll", 'price': 16.91, 'category': 'drinks', 'store_id': 'bonarea', 'quantity': 'aprox. 1,6 kg', 'id': '84ce1b70-29c4-4c53-9003-dd22a4acadc3', 'created_at': '2025-05-24T17:07:02.31778'}] count=None
[2025-05-24 20:07:03] ✅ Successfully inserted: Conill d'espatlla d'anoll
[2025-05-24 20:07:03] Attempting to insert product: {'name': "Jarret d'anoll", 'price': 22.76, 'category': 'drinks', 'store_id': 'bonarea', 'quantity': 'aprox. 2,0 kg'}
[2025-05-24 20:07:03] Supabase Response: data=[{'name': "Jarret d'anoll", 'price': 22.76, 'category': 'drinks', 'store_id': 'bonarea', 'quantity': 'aprox. 2,0 kg', 'id': '23c2b66b-e679-4754-9cf6-ac4316b4feec', 'created_at': '2025-05-24T17:07:02.651817'}] count=None
[2025-05-24 20:07:03] ✅ Successfully inserted: Jarret d'anoll
[2025-05-24 20:07:03] Attempting to insert product: {'name': 'Mixt de bull negre i donegal', 'price': 1.1, 'category': 'drinks', 'store_id': 'bonarea', 'quantity': 'aprox. 143 g'}
[2025-05-24 20:07:04] Supabase Response: data=[{'name': 'Mixt de bull negre i donegal', 'price': 1.1, 'category': 'drinks', 'store_id': 'bonarea', 'quantity': 'aprox. 143 g', 'id': 'a8c9ed34-cda7-4c42-8f05-bcdb363ef75a', 'created_at': '2025-05-24T17:07:02.949482'}] count=None
[2025-05-24 20:07:04] ✅ Successfully inserted: Mixt de bull negre i donegal
[2025-05-24 20:07:04] Attempting to insert product: {'name': 'Càpsules Nescafé Dolce Gusto espresso intens', 'price': 4.25, 'category': 'drinks', 'store_id': 'bonarea', 'quantity': '16 u.'}
[2025-05-24 20:07:04] Supabase Response: data=[{'name': 'Càpsules Nescafé Dolce Gusto espresso intens', 'price': 4.25, 'category': 'drinks', 'store_id': 'bonarea', 'quantity': '16 u.', 'id': 'cd1f640e-fd38-4757-997f-d908857585dd', 'created_at': '2025-05-24T17:07:03.284272'}] count=None
[2025-05-24 20:07:04] ✅ Successfully inserted: Càpsules Nescafé Dolce Gusto espresso intens
[2025-05-24 20:07:04] Attempting to insert product: {'name': 'Salmó adults', 'price': 13.8, 'category': 'drinks', 'store_id': 'bonarea', 'quantity': '10 kg'}
[2025-05-24 20:07:04] Supabase Response: data=[{'name': 'Salmó adults', 'price': 13.8, 'category': 'drinks', 'store_id': 'bonarea', 'quantity': '10 kg', 'id': '0db9ce6d-6503-4bc9-bebf-01ef58854886', 'created_at': '2025-05-24T17:07:03.587739'}] count=None
[2025-05-24 20:07:04] ✅ Successfully inserted: Salmó adults
[2025-05-24 20:07:04] Attempting to insert product: {'name': 'Salmó adults', 'price': 4.44, 'category': 'drinks', 'store_id': 'bonarea', 'quantity': '3 kg'}
[2025-05-24 20:07:05] Supabase Response: data=[{'name': 'Salmó adults', 'price': 4.44, 'category': 'drinks', 'store_id': 'bonarea', 'quantity': '3 kg', 'id': 'd396164d-6a37-4ba8-95a5-e8412f870182', 'created_at': '2025-05-24T17:07:03.904508'}] count=None
[2025-05-24 20:07:05] ✅ Successfully inserted: Salmó adults
[2025-05-24 20:07:05] Attempting to insert product: {'name': 'Original adults', 'price': 13.6, 'category': 'drinks', 'store_id': 'bonarea', 'quantity': '10 kg'}
[2025-05-24 20:07:05] Supabase Response: data=[{'name': 'Original adults', 'price': 13.6, 'category': 'drinks', 'store_id': 'bonarea', 'quantity': '10 kg', 'id': 'a0884ed1-9418-453d-a978-6c97f2416f08', 'created_at': '2025-05-24T17:07:04.199135'}] count=None
[2025-05-24 20:07:05] ✅ Successfully inserted: Original adults
[2025-05-24 20:07:05] Attempting to insert product: {'name': 'Original adults', 'price': 4.38, 'category': 'drinks', 'store_id': 'bonarea', 'quantity': '3 kg'}
[2025-05-24 20:07:05] Supabase Response: data=[{'name': 'Original adults', 'price': 4.38, 'category': 'drinks', 'store_id': 'bonarea', 'quantity': '3 kg', 'id': '0b146bd1-c9e4-4742-835c-2e5109a7ecb1', 'created_at': '2025-05-24T17:07:04.47861'}] count=None
[2025-05-24 20:07:05] ✅ Successfully inserted: Original adults
[2025-05-24 20:07:05] Attempting to insert product: {'name': 'Junior 2-12 mesos', 'price': 15.9, 'category': 'drinks', 'store_id': 'bonarea', 'quantity': '10 kg'}
[2025-05-24 20:07:06] Supabase Response: data=[{'name': 'Junior 2-12 mesos', 'price': 15.9, 'category': 'drinks', 'store_id': 'bonarea', 'quantity': '10 kg', 'id': '65ec352f-04c6-4c0e-b16d-92b1604c751c', 'created_at': '2025-05-24T17:07:04.822834'}] count=None
[2025-05-24 20:07:06] ✅ Successfully inserted: Junior 2-12 mesos
[2025-05-24 20:07:06] Attempting to insert product: {'name': 'Junior 2-12 mesos', 'price': 5.07, 'category': 'drinks', 'store_id': 'bonarea', 'quantity': '3 kg'}
[2025-05-24 20:07:06] Supabase Response: data=[{'name': 'Junior 2-12 mesos', 'price': 5.07, 'category': 'drinks', 'store_id': 'bonarea', 'quantity': '3 kg', 'id': 'da538e16-6e3f-45c9-85af-a9ea058f4406', 'created_at': '2025-05-24T17:07:05.128921'}] count=None
[2025-05-24 20:07:06] ✅ Successfully inserted: Junior 2-12 mesos
[2025-05-24 20:07:06] Attempting to insert product: {'name': 'Pit de pollastre groc sencer', 'price': 4.54, 'category': 'drinks', 'store_id': 'bonarea', 'quantity': 'aprox. 693 g'}
[2025-05-24 20:07:06] Supabase Response: data=[{'name': 'Pit de pollastre groc sencer', 'price': 4.54, 'category': 'drinks', 'store_id': 'bonarea', 'quantity': 'aprox. 693 g', 'id': 'e473a20a-ea6c-4b92-9705-6d064555586e', 'created_at': '2025-05-24T17:07:05.453942'}] count=None
[2025-05-24 20:07:06] ✅ Successfully inserted: Pit de pollastre groc sencer
[2025-05-24 20:07:06] Attempting to insert product: {'name': 'Pernilets de pollastre groc', 'price': 3.64, 'category': 'drinks', 'store_id': 'bonarea', 'quantity': 'aprox. 1,0 kg'}
[2025-05-24 20:07:06] Supabase Response: data=[{'name': 'Pernilets de pollastre groc', 'price': 3.64, 'category': 'drinks', 'store_id': 'bonarea', 'quantity': 'aprox. 1,0 kg', 'id': '7cbfee56-1ed2-4b54-b6e1-741852103d72', 'created_at': '2025-05-24T17:07:05.740839'}] count=None
[2025-05-24 20:07:06] ✅ Successfully inserted: Pernilets de pollastre groc
[2025-05-24 20:07:06] Attempting to insert product: {'name': 'Pit de pollastre blanc sencer', 'price': 4.68, 'category': 'drinks', 'store_id': 'bonarea', 'quantity': 'aprox. 715 g'}
[2025-05-24 20:07:07] Supabase Response: data=[{'name': 'Pit de pollastre blanc sencer', 'price': 4.68, 'category': 'drinks', 'store_id': 'bonarea', 'quantity': 'aprox. 715 g', 'id': 'cfa68a19-340f-4142-a844-7d75ce3d3f60', 'created_at': '2025-05-24T17:07:06.051559'}] count=None
[2025-05-24 20:07:07] ✅ Successfully inserted: Pit de pollastre blanc sencer
[2025-05-24 20:07:07] Attempting to insert product: {'name': 'Pernilets de pollastre blanc', 'price': 3.8, 'category': 'drinks', 'store_id': 'bonarea', 'quantity': 'aprox. 1,1 kg'}
[2025-05-24 20:07:07] Supabase Response: data=[{'name': 'Pernilets de pollastre blanc', 'price': 3.8, 'category': 'drinks', 'store_id': 'bonarea', 'quantity': 'aprox. 1,1 kg', 'id': '3ffb2ff0-3d39-4678-aa76-ec39b913f71a', 'created_at': '2025-05-24T17:07:06.350249'}] count=None
[2025-05-24 20:07:07] ✅ Successfully inserted: Pernilets de pollastre blanc
[2025-05-24 20:07:07] Attempting to insert product: {'name': 'Pit de pollastre groc filetejat', 'price': 4.69, 'category': 'drinks', 'store_id': 'bonarea', 'quantity': 'aprox. 660 g'}
[2025-05-24 20:07:07] Supabase Response: data=[{'name': 'Pit de pollastre groc filetejat', 'price': 4.69, 'category': 'drinks', 'store_id': 'bonarea', 'quantity': 'aprox. 660 g', 'id': 'dcb12622-faa8-4a25-b45d-531cfd1a63f7', 'created_at': '2025-05-24T17:07:06.679919'}] count=None
[2025-05-24 20:07:07] ✅ Successfully inserted: Pit de pollastre groc filetejat
[2025-05-24 20:07:07] Attempting to insert product: {'name': 'Pit de pollastre sencer 65% cereals', 'price': 4.57, 'category': 'drinks', 'store_id': 'bonarea', 'quantity': 'aprox. 605 g'}
[2025-05-24 20:07:08] Supabase Response: data=[{'name': 'Pit de pollastre sencer 65% cereals', 'price': 4.57, 'category': 'drinks', 'store_id': 'bonarea', 'quantity': 'aprox. 605 g', 'id': '7458e123-6c2e-4d76-9635-182f96b53f46', 'created_at': '2025-05-24T17:07:06.974672'}] count=None
[2025-05-24 20:07:08] ✅ Successfully inserted: Pit de pollastre sencer 65% cereals
[2025-05-24 20:07:11] Attempting to insert product: {'name': 'Gaspatxo', 'price': 2.85, 'category': 'drinks', 'store_id': 'bonarea', 'quantity': '1 l'}
[2025-05-24 20:07:12] Supabase Response: data=[{'name': 'Gaspatxo', 'price': 2.85, 'category': 'drinks', 'store_id': 'bonarea', 'quantity': '1 l', 'id': '372541f6-45f3-4348-94b2-fcd1aa3a56bd', 'created_at': '2025-05-24T17:07:11.025141'}] count=None
[2025-05-24 20:07:12] ✅ Successfully inserted: Gaspatxo
[2025-05-24 20:07:12] Attempting to insert product: {'name': 'Salmorejo', 'price': 3.15, 'category': 'drinks', 'store_id': 'bonarea', 'quantity': '1 l'}
[2025-05-24 20:07:12] Supabase Response: data=[{'name': 'Salmorejo', 'price': 3.15, 'category': 'drinks', 'store_id': 'bonarea', 'quantity': '1 l', 'id': '54c03215-0000-4295-8bc7-ef2346fc328d', 'created_at': '2025-05-24T17:07:11.385173'}] count=None
[2025-05-24 20:07:12] ✅ Successfully inserted: Salmorejo
[2025-05-24 20:07:12] Attempting to insert product: {'name': 'Gaspatxo bric', 'price': 1.95, 'category': 'drinks', 'store_id': 'bonarea', 'quantity': '1 l'}
[2025-05-24 20:07:12] Supabase Response: data=[{'name': 'Gaspatxo bric', 'price': 1.95, 'category': 'drinks', 'store_id': 'bonarea', 'quantity': '1 l', 'id': '987accef-96b3-4687-8d3c-a7031f401833', 'created_at': '2025-05-24T17:07:11.634912'}] count=None
[2025-05-24 20:07:12] ✅ Successfully inserted: Gaspatxo bric
[2025-05-24 20:07:12] Attempting to insert product: {'name': 'Salmorejo bric', 'price': 2.3, 'category': 'drinks', 'store_id': 'bonarea', 'quantity': '1 l'}
[2025-05-24 20:07:13] Supabase Response: data=[{'name': 'Salmorejo bric', 'price': 2.3, 'category': 'drinks', 'store_id': 'bonarea', 'quantity': '1 l', 'id': '0a27505b-5eee-4faf-8993-b2121ac1660a', 'created_at': '2025-05-24T17:07:11.989359'}] count=None
[2025-05-24 20:07:13] ✅ Successfully inserted: Salmorejo bric
[2025-05-24 20:07:13] Attempting to insert product: {'name': 'Gaspatxo estil andalús', 'price': 1.1, 'category': 'drinks', 'store_id': 'bonarea', 'quantity': '300 g'}
[2025-05-24 20:07:13] Supabase Response: data=[{'name': 'Gaspatxo estil andalús', 'price': 1.1, 'category': 'drinks', 'store_id': 'bonarea', 'quantity': '300 g', 'id': 'a8a47087-3af2-419d-b252-280a0f60feec', 'created_at': '2025-05-24T17:07:12.31095'}] count=None
[2025-05-24 20:07:13] ✅ Successfully inserted: Gaspatxo estil andalús
[2025-05-24 20:07:13] Attempting to insert product: {'name': 'Gaspatxo de maduixa', 'price': 1.25, 'category': 'drinks', 'store_id': 'bonarea', 'quantity': '300 g'}
[2025-05-24 20:07:13] Supabase Response: data=[{'name': 'Gaspatxo de maduixa', 'price': 1.25, 'category': 'drinks', 'store_id': 'bonarea', 'quantity': '300 g', 'id': '29c47022-ce4e-4e1a-bebd-a5a8e8531081', 'created_at': '2025-05-24T17:07:12.565126'}] count=None
[2025-05-24 20:07:13] ✅ Successfully inserted: Gaspatxo de maduixa
[2025-05-24 20:07:13] Attempting to insert product: {'name': 'Hummus', 'price': 0.94, 'category': 'drinks', 'store_id': 'bonarea', 'quantity': '200 g'}
[2025-05-24 20:07:14] Supabase Response: data=[{'name': 'Hummus', 'price': 0.94, 'category': 'drinks', 'store_id': 'bonarea', 'quantity': '200 g', 'id': 'ca4a8f93-1021-4e19-a346-cafffbbb45a9', 'created_at': '2025-05-24T17:07:12.91927'}] count=None
[2025-05-24 20:07:14] ✅ Successfully inserted: Hummus
[2025-05-24 20:07:14] Attempting to insert product: {'name': 'Cap de llom filetejat a la planxa', 'price': 2.4, 'category': 'drinks', 'store_id': 'bonarea', 'quantity': 'aprox. 198 g'}
[2025-05-24 20:07:14] Supabase Response: data=[{'name': 'Cap de llom filetejat a la planxa', 'price': 2.4, 'category': 'drinks', 'store_id': 'bonarea', 'quantity': 'aprox. 198 g', 'id': '9ff11157-a754-4829-988a-2b786a6cda39', 'created_at': '2025-05-24T17:07:13.185334'}] count=None
[2025-05-24 20:07:14] ✅ Successfully inserted: Cap de llom filetejat a la planxa
[2025-05-24 20:07:14] Attempting to insert product: {'name': "Conill d'espatlla d'anoll", 'price': 16.91, 'category': 'drinks', 'store_id': 'bonarea', 'quantity': 'aprox. 1,6 kg'}
[2025-05-24 20:07:14] Supabase Response: data=[{'name': "Conill d'espatlla d'anoll", 'price': 16.91, 'category': 'drinks', 'store_id': 'bonarea', 'quantity': 'aprox. 1,6 kg', 'id': 'ed6e9be4-ba76-4d33-9d77-7163aada7a4f', 'created_at': '2025-05-24T17:07:13.541625'}] count=None
[2025-05-24 20:07:14] ✅ Successfully inserted: Conill d'espatlla d'anoll
[2025-05-24 20:07:14] Attempting to insert product: {'name': "Jarret d'anoll", 'price': 22.76, 'category': 'drinks', 'store_id': 'bonarea', 'quantity': 'aprox. 2,0 kg'}
[2025-05-24 20:07:14] Supabase Response: data=[{'name': "Jarret d'anoll", 'price': 22.76, 'category': 'drinks', 'store_id': 'bonarea', 'quantity': 'aprox. 2,0 kg', 'id': '519cb6bf-7edc-4f2c-8fcf-5eab113bcb45', 'created_at': '2025-05-24T17:07:13.807113'}] count=None
[2025-05-24 20:07:14] ✅ Successfully inserted: Jarret d'anoll
[2025-05-24 20:07:15] Attempting to insert product: {'name': 'Mixt de bull negre i donegal', 'price': 1.1, 'category': 'drinks', 'store_id': 'bonarea', 'quantity': 'aprox. 143 g'}
[2025-05-24 20:07:15] Supabase Response: data=[{'name': 'Mixt de bull negre i donegal', 'price': 1.1, 'category': 'drinks', 'store_id': 'bonarea', 'quantity': 'aprox. 143 g', 'id': '33232286-3be6-48c9-860b-54884103cfc7', 'created_at': '2025-05-24T17:07:14.049251'}] count=None
[2025-05-24 20:07:15] ✅ Successfully inserted: Mixt de bull negre i donegal
[2025-05-24 20:07:15] Attempting to insert product: {'name': 'Càpsules Nescafé Dolce Gusto espresso intens', 'price': 4.25, 'category': 'drinks', 'store_id': 'bonarea', 'quantity': '16 u.'}
[2025-05-24 20:07:15] Supabase Response: data=[{'name': 'Càpsules Nescafé Dolce Gusto espresso intens', 'price': 4.25, 'category': 'drinks', 'store_id': 'bonarea', 'quantity': '16 u.', 'id': 'e7acc7ac-177e-4295-8e1e-0bbe7fc9a12f', 'created_at': '2025-05-24T17:07:14.325645'}] count=None
[2025-05-24 20:07:15] ✅ Successfully inserted: Càpsules Nescafé Dolce Gusto espresso intens
[2025-05-24 20:07:15] Attempting to insert product: {'name': 'Salmó adults', 'price': 13.8, 'category': 'drinks', 'store_id': 'bonarea', 'quantity': '10 kg'}
[2025-05-24 20:07:15] Supabase Response: data=[{'name': 'Salmó adults', 'price': 13.8, 'category': 'drinks', 'store_id': 'bonarea', 'quantity': '10 kg', 'id': 'd48551d4-51a9-4d8b-8270-acf577f23191', 'created_at': '2025-05-24T17:07:14.570001'}] count=None
[2025-05-24 20:07:15] ✅ Successfully inserted: Salmó adults
[2025-05-24 20:07:15] Attempting to insert product: {'name': 'Salmó adults', 'price': 4.44, 'category': 'drinks', 'store_id': 'bonarea', 'quantity': '3 kg'}
[2025-05-24 20:07:15] Supabase Response: data=[{'name': 'Salmó adults', 'price': 4.44, 'category': 'drinks', 'store_id': 'bonarea', 'quantity': '3 kg', 'id': '58c03841-f09c-4e35-8ba6-04375d1f5187', 'created_at': '2025-05-24T17:07:14.832069'}] count=None
[2025-05-24 20:07:15] ✅ Successfully inserted: Salmó adults
[2025-05-24 20:07:16] Attempting to insert product: {'name': 'Original adults', 'price': 13.6, 'category': 'drinks', 'store_id': 'bonarea', 'quantity': '10 kg'}
[2025-05-24 20:07:16] Supabase Response: data=[{'name': 'Original adults', 'price': 13.6, 'category': 'drinks', 'store_id': 'bonarea', 'quantity': '10 kg', 'id': '8a176997-1e3e-458b-854b-f2c8d49ca94f', 'created_at': '2025-05-24T17:07:15.071765'}] count=None
[2025-05-24 20:07:16] ✅ Successfully inserted: Original adults
[2025-05-24 20:07:16] Attempting to insert product: {'name': 'Original adults', 'price': 4.38, 'category': 'drinks', 'store_id': 'bonarea', 'quantity': '3 kg'}
[2025-05-24 20:07:16] Supabase Response: data=[{'name': 'Original adults', 'price': 4.38, 'category': 'drinks', 'store_id': 'bonarea', 'quantity': '3 kg', 'id': '4baf7676-a26c-4e64-874c-2acde2085f4a', 'created_at': '2025-05-24T17:07:15.316702'}] count=None
[2025-05-24 20:07:16] ✅ Successfully inserted: Original adults
[2025-05-24 20:07:16] Attempting to insert product: {'name': 'Junior 2-12 mesos', 'price': 15.9, 'category': 'drinks', 'store_id': 'bonarea', 'quantity': '10 kg'}
[2025-05-24 20:07:16] Supabase Response: data=[{'name': 'Junior 2-12 mesos', 'price': 15.9, 'category': 'drinks', 'store_id': 'bonarea', 'quantity': '10 kg', 'id': 'f33cc12c-9fb4-40bc-b6bc-ab26beaba1f3', 'created_at': '2025-05-24T17:07:15.611449'}] count=None
[2025-05-24 20:07:16] ✅ Successfully inserted: Junior 2-12 mesos
[2025-05-24 20:07:16] Attempting to insert product: {'name': 'Junior 2-12 mesos', 'price': 5.07, 'category': 'drinks', 'store_id': 'bonarea', 'quantity': '3 kg'}
[2025-05-24 20:07:17] Supabase Response: data=[{'name': 'Junior 2-12 mesos', 'price': 5.07, 'category': 'drinks', 'store_id': 'bonarea', 'quantity': '3 kg', 'id': '5da5813d-79ac-402e-a9b8-1d2ec65f5af3', 'created_at': '2025-05-24T17:07:15.881882'}] count=None
[2025-05-24 20:07:17] ✅ Successfully inserted: Junior 2-12 mesos
[2025-05-24 20:07:17] Attempting to insert product: {'name': 'Pit de pollastre groc sencer', 'price': 4.54, 'category': 'drinks', 'store_id': 'bonarea', 'quantity': 'aprox. 693 g'}
[2025-05-24 20:07:17] Supabase Response: data=[{'name': 'Pit de pollastre groc sencer', 'price': 4.54, 'category': 'drinks', 'store_id': 'bonarea', 'quantity': 'aprox. 693 g', 'id': 'fe824d5e-b45b-4fce-8498-210222aefa0e', 'created_at': '2025-05-24T17:07:16.183703'}] count=None
[2025-05-24 20:07:17] ✅ Successfully inserted: Pit de pollastre groc sencer
[2025-05-24 20:07:17] Attempting to insert product: {'name': 'Pernilets de pollastre groc', 'price': 3.64, 'category': 'drinks', 'store_id': 'bonarea', 'quantity': 'aprox. 1,0 kg'}
[2025-05-24 20:07:17] Supabase Response: data=[{'name': 'Pernilets de pollastre groc', 'price': 3.64, 'category': 'drinks', 'store_id': 'bonarea', 'quantity': 'aprox. 1,0 kg', 'id': '3133fcc6-8599-4927-808c-4f8c72a4014a', 'created_at': '2025-05-24T17:07:16.486081'}] count=None
[2025-05-24 20:07:17] ✅ Successfully inserted: Pernilets de pollastre groc
[2025-05-24 20:07:17] Attempting to insert product: {'name': 'Pit de pollastre blanc sencer', 'price': 4.68, 'category': 'drinks', 'store_id': 'bonarea', 'quantity': 'aprox. 715 g'}
[2025-05-24 20:07:18] Supabase Response: data=[{'name': 'Pit de pollastre blanc sencer', 'price': 4.68, 'category': 'drinks', 'store_id': 'bonarea', 'quantity': 'aprox. 715 g', 'id': '9cce9d03-9590-4188-b327-8b0706ff0654', 'created_at': '2025-05-24T17:07:16.801136'}] count=None
[2025-05-24 20:07:18] ✅ Successfully inserted: Pit de pollastre blanc sencer
[2025-05-24 20:07:18] Attempting to insert product: {'name': 'Pernilets de pollastre blanc', 'price': 3.8, 'category': 'drinks', 'store_id': 'bonarea', 'quantity': 'aprox. 1,1 kg'}
[2025-05-24 20:07:18] Supabase Response: data=[{'name': 'Pernilets de pollastre blanc', 'price': 3.8, 'category': 'drinks', 'store_id': 'bonarea', 'quantity': 'aprox. 1,1 kg', 'id': 'cddcee07-2f74-475c-a5e7-ef03e61d66e6', 'created_at': '2025-05-24T17:07:17.154124'}] count=None
[2025-05-24 20:07:18] ✅ Successfully inserted: Pernilets de pollastre blanc
[2025-05-24 20:07:18] Attempting to insert product: {'name': 'Pit de pollastre groc filetejat', 'price': 4.69, 'category': 'drinks', 'store_id': 'bonarea', 'quantity': 'aprox. 660 g'}
[2025-05-24 20:07:18] Supabase Response: data=[{'name': 'Pit de pollastre groc filetejat', 'price': 4.69, 'category': 'drinks', 'store_id': 'bonarea', 'quantity': 'aprox. 660 g', 'id': 'b25d5144-2d33-4a16-a997-71076f2b0b5d', 'created_at': '2025-05-24T17:07:17.412627'}] count=None
[2025-05-24 20:07:18] ✅ Successfully inserted: Pit de pollastre groc filetejat
[2025-05-24 20:07:18] Attempting to insert product: {'name': 'Pit de pollastre sencer 65% cereals', 'price': 4.57, 'category': 'drinks', 'store_id': 'bonarea', 'quantity': 'aprox. 605 g'}
[2025-05-24 20:07:18] Supabase Response: data=[{'name': 'Pit de pollastre sencer 65% cereals', 'price': 4.57, 'category': 'drinks', 'store_id': 'bonarea', 'quantity': 'aprox. 605 g', 'id': '93e97b68-440a-4821-8fdf-972e007fc4c1', 'created_at': '2025-05-24T17:07:17.735823'}] count=None
[2025-05-24 20:07:18] ✅ Successfully inserted: Pit de pollastre sencer 65% cereals
[2025-05-24 20:07:22] Attempting to insert product: {'name': 'Gaspatxo', 'price': 2.85, 'category': 'drinks', 'store_id': 'bonarea', 'quantity': '1 l'}
[2025-05-24 20:07:22] Supabase Response: data=[{'name': 'Gaspatxo', 'price': 2.85, 'category': 'drinks', 'store_id': 'bonarea', 'quantity': '1 l', 'id': 'e5863e82-b3a7-458a-8966-dfa91f02bae8', 'created_at': '2025-05-24T17:07:21.747478'}] count=None
[2025-05-24 20:07:22] ✅ Successfully inserted: Gaspatxo
[2025-05-24 20:07:22] Attempting to insert product: {'name': 'Salmorejo', 'price': 3.15, 'category': 'drinks', 'store_id': 'bonarea', 'quantity': '1 l'}
[2025-05-24 20:07:23] Supabase Response: data=[{'name': 'Salmorejo', 'price': 3.15, 'category': 'drinks', 'store_id': 'bonarea', 'quantity': '1 l', 'id': '2711c485-f8c2-422e-9617-8734e1143b8b', 'created_at': '2025-05-24T17:07:22.007575'}] count=None
[2025-05-24 20:07:23] ✅ Successfully inserted: Salmorejo
[2025-05-24 20:07:23] Attempting to insert product: {'name': 'Gaspatxo bric', 'price': 1.95, 'category': 'drinks', 'store_id': 'bonarea', 'quantity': '1 l'}
[2025-05-24 20:07:23] Supabase Response: data=[{'name': 'Gaspatxo bric', 'price': 1.95, 'category': 'drinks', 'store_id': 'bonarea', 'quantity': '1 l', 'id': '456aa302-8918-4735-b196-e51398e8ee59', 'created_at': '2025-05-24T17:07:22.264247'}] count=None
[2025-05-24 20:07:23] ✅ Successfully inserted: Gaspatxo bric
[2025-05-24 20:07:23] Attempting to insert product: {'name': 'Salmorejo bric', 'price': 2.3, 'category': 'drinks', 'store_id': 'bonarea', 'quantity': '1 l'}
[2025-05-24 20:07:23] Supabase Response: data=[{'name': 'Salmorejo bric', 'price': 2.3, 'category': 'drinks', 'store_id': 'bonarea', 'quantity': '1 l', 'id': '16f444f4-b53b-4407-bee8-67ea0de230a9', 'created_at': '2025-05-24T17:07:22.522498'}] count=None
[2025-05-24 20:07:23] ✅ Successfully inserted: Salmorejo bric
[2025-05-24 20:07:23] Attempting to insert product: {'name': 'Gaspatxo estil andalús', 'price': 1.1, 'category': 'drinks', 'store_id': 'bonarea', 'quantity': '300 g'}
[2025-05-24 20:07:23] Supabase Response: data=[{'name': 'Gaspatxo estil andalús', 'price': 1.1, 'category': 'drinks', 'store_id': 'bonarea', 'quantity': '300 g', 'id': '754c01fb-c7b5-4787-8824-3e8359fa4fe0', 'created_at': '2025-05-24T17:07:22.806609'}] count=None
[2025-05-24 20:07:23] ✅ Successfully inserted: Gaspatxo estil andalús
[2025-05-24 20:07:24] Attempting to insert product: {'name': 'Gaspatxo de maduixa', 'price': 1.25, 'category': 'drinks', 'store_id': 'bonarea', 'quantity': '300 g'}
[2025-05-24 20:07:24] Supabase Response: data=[{'name': 'Gaspatxo de maduixa', 'price': 1.25, 'category': 'drinks', 'store_id': 'bonarea', 'quantity': '300 g', 'id': '12b6672c-301d-4df6-8b37-bd3bac1402e4', 'created_at': '2025-05-24T17:07:23.051645'}] count=None
[2025-05-24 20:07:24] ✅ Successfully inserted: Gaspatxo de maduixa
[2025-05-24 20:07:24] Attempting to insert product: {'name': 'Hummus', 'price': 0.94, 'category': 'drinks', 'store_id': 'bonarea', 'quantity': '200 g'}
[2025-05-24 20:07:24] Supabase Response: data=[{'name': 'Hummus', 'price': 0.94, 'category': 'drinks', 'store_id': 'bonarea', 'quantity': '200 g', 'id': '633de165-5595-4dca-8e31-c1b7da49d83c', 'created_at': '2025-05-24T17:07:23.308704'}] count=None
[2025-05-24 20:07:24] ✅ Successfully inserted: Hummus
[2025-05-24 20:07:24] Attempting to insert product: {'name': 'Cap de llom filetejat a la planxa', 'price': 2.4, 'category': 'drinks', 'store_id': 'bonarea', 'quantity': 'aprox. 198 g'}
[2025-05-24 20:07:24] Supabase Response: data=[{'name': 'Cap de llom filetejat a la planxa', 'price': 2.4, 'category': 'drinks', 'store_id': 'bonarea', 'quantity': 'aprox. 198 g', 'id': '951295a8-9909-4181-9707-d412dbb98e72', 'created_at': '2025-05-24T17:07:23.55655'}] count=None
[2025-05-24 20:07:24] ✅ Successfully inserted: Cap de llom filetejat a la planxa
[2025-05-24 20:07:24] Attempting to insert product: {'name': "Conill d'espatlla d'anoll", 'price': 16.91, 'category': 'drinks', 'store_id': 'bonarea', 'quantity': 'aprox. 1,6 kg'}
[2025-05-24 20:07:24] Supabase Response: data=[{'name': "Conill d'espatlla d'anoll", 'price': 16.91, 'category': 'drinks', 'store_id': 'bonarea', 'quantity': 'aprox. 1,6 kg', 'id': '612261c3-8db5-4ecc-9d2a-3f193e42cbd3', 'created_at': '2025-05-24T17:07:23.801129'}] count=None
[2025-05-24 20:07:24] ✅ Successfully inserted: Conill d'espatlla d'anoll
[2025-05-24 20:07:25] Attempting to insert product: {'name': "Jarret d'anoll", 'price': 22.76, 'category': 'drinks', 'store_id': 'bonarea', 'quantity': 'aprox. 2,0 kg'}
[2025-05-24 20:07:25] Supabase Response: data=[{'name': "Jarret d'anoll", 'price': 22.76, 'category': 'drinks', 'store_id': 'bonarea', 'quantity': 'aprox. 2,0 kg', 'id': '9f97adf2-f42f-4491-ba94-54e755870a41', 'created_at': '2025-05-24T17:07:24.05344'}] count=None
[2025-05-24 20:07:25] ✅ Successfully inserted: Jarret d'anoll
[2025-05-24 20:07:25] Attempting to insert product: {'name': 'Mixt de bull negre i donegal', 'price': 1.1, 'category': 'drinks', 'store_id': 'bonarea', 'quantity': 'aprox. 143 g'}
[2025-05-24 20:07:25] Supabase Response: data=[{'name': 'Mixt de bull negre i donegal', 'price': 1.1, 'category': 'drinks', 'store_id': 'bonarea', 'quantity': 'aprox. 143 g', 'id': '87b080e9-d203-4f9f-a772-e65e6c00d1b2', 'created_at': '2025-05-24T17:07:24.298368'}] count=None
[2025-05-24 20:07:25] ✅ Successfully inserted: Mixt de bull negre i donegal
[2025-05-24 20:07:25] Attempting to insert product: {'name': 'Càpsules Nescafé Dolce Gusto espresso intens', 'price': 4.25, 'category': 'drinks', 'store_id': 'bonarea', 'quantity': '16 u.'}
[2025-05-24 20:07:25] Supabase Response: data=[{'name': 'Càpsules Nescafé Dolce Gusto espresso intens', 'price': 4.25, 'category': 'drinks', 'store_id': 'bonarea', 'quantity': '16 u.', 'id': 'a4608cd3-5b37-4f03-94f9-1f9a6140ccb5', 'created_at': '2025-05-24T17:07:24.694298'}] count=None
[2025-05-24 20:07:25] ✅ Successfully inserted: Càpsules Nescafé Dolce Gusto espresso intens
[2025-05-24 20:07:25] Attempting to insert product: {'name': 'Salmó adults', 'price': 13.8, 'category': 'drinks', 'store_id': 'bonarea', 'quantity': '10 kg'}
[2025-05-24 20:07:26] Supabase Response: data=[{'name': 'Salmó adults', 'price': 13.8, 'category': 'drinks', 'store_id': 'bonarea', 'quantity': '10 kg', 'id': 'beb50698-a3b9-49d9-a580-90c70bccf6c0', 'created_at': '2025-05-24T17:07:24.971072'}] count=None
[2025-05-24 20:07:26] ✅ Successfully inserted: Salmó adults
[2025-05-24 20:07:26] Attempting to insert product: {'name': 'Salmó adults', 'price': 4.44, 'category': 'drinks', 'store_id': 'bonarea', 'quantity': '3 kg'}
[2025-05-24 20:07:26] Supabase Response: data=[{'name': 'Salmó adults', 'price': 4.44, 'category': 'drinks', 'store_id': 'bonarea', 'quantity': '3 kg', 'id': 'ad19c1b1-b779-4d68-8b71-e10c38f76218', 'created_at': '2025-05-24T17:07:25.323635'}] count=None
[2025-05-24 20:07:26] ✅ Successfully inserted: Salmó adults
[2025-05-24 20:07:26] Attempting to insert product: {'name': 'Original adults', 'price': 13.6, 'category': 'drinks', 'store_id': 'bonarea', 'quantity': '10 kg'}
[2025-05-24 20:07:26] Supabase Response: data=[{'name': 'Original adults', 'price': 13.6, 'category': 'drinks', 'store_id': 'bonarea', 'quantity': '10 kg', 'id': '0aef0f95-c1af-4d50-bcd9-fbdde1347834', 'created_at': '2025-05-24T17:07:25.604514'}] count=None
[2025-05-24 20:07:26] ✅ Successfully inserted: Original adults
[2025-05-24 20:07:26] Attempting to insert product: {'name': 'Original adults', 'price': 4.38, 'category': 'drinks', 'store_id': 'bonarea', 'quantity': '3 kg'}
[2025-05-24 20:07:27] Supabase Response: data=[{'name': 'Original adults', 'price': 4.38, 'category': 'drinks', 'store_id': 'bonarea', 'quantity': '3 kg', 'id': '69d31977-020f-4a6b-829c-e5d43eba6278', 'created_at': '2025-05-24T17:07:25.87'}] count=None
[2025-05-24 20:07:27] ✅ Successfully inserted: Original adults
[2025-05-24 20:07:27] Attempting to insert product: {'name': 'Junior 2-12 mesos', 'price': 15.9, 'category': 'drinks', 'store_id': 'bonarea', 'quantity': '10 kg'}
[2025-05-24 20:07:27] Supabase Response: data=[{'name': 'Junior 2-12 mesos', 'price': 15.9, 'category': 'drinks', 'store_id': 'bonarea', 'quantity': '10 kg', 'id': '9487769d-bdc2-4dd7-b423-0102608e26a0', 'created_at': '2025-05-24T17:07:26.222746'}] count=None
[2025-05-24 20:07:27] ✅ Successfully inserted: Junior 2-12 mesos
[2025-05-24 20:07:27] Attempting to insert product: {'name': 'Junior 2-12 mesos', 'price': 5.07, 'category': 'drinks', 'store_id': 'bonarea', 'quantity': '3 kg'}
[2025-05-24 20:07:27] Supabase Response: data=[{'name': 'Junior 2-12 mesos', 'price': 5.07, 'category': 'drinks', 'store_id': 'bonarea', 'quantity': '3 kg', 'id': '9eab02e5-2f49-49b9-a2e9-75087862eae1', 'created_at': '2025-05-24T17:07:26.532001'}] count=None
[2025-05-24 20:07:27] ✅ Successfully inserted: Junior 2-12 mesos
[2025-05-24 20:07:27] Attempting to insert product: {'name': 'Pit de pollastre groc sencer', 'price': 4.54, 'category': 'drinks', 'store_id': 'bonarea', 'quantity': 'aprox. 693 g'}
[2025-05-24 20:07:28] Supabase Response: data=[{'name': 'Pit de pollastre groc sencer', 'price': 4.54, 'category': 'drinks', 'store_id': 'bonarea', 'quantity': 'aprox. 693 g', 'id': 'f78b565d-fc16-455f-ab27-a1ea65994e19', 'created_at': '2025-05-24T17:07:26.853434'}] count=None
[2025-05-24 20:07:28] ✅ Successfully inserted: Pit de pollastre groc sencer
[2025-05-24 20:07:28] Attempting to insert product: {'name': 'Pernilets de pollastre groc', 'price': 3.64, 'category': 'drinks', 'store_id': 'bonarea', 'quantity': 'aprox. 1,0 kg'}
[2025-05-24 20:07:28] Supabase Response: data=[{'name': 'Pernilets de pollastre groc', 'price': 3.64, 'category': 'drinks', 'store_id': 'bonarea', 'quantity': 'aprox. 1,0 kg', 'id': 'd90ae829-16c3-4ae4-bfac-d10dc8467f84', 'created_at': '2025-05-24T17:07:27.105599'}] count=None
[2025-05-24 20:07:28] ✅ Successfully inserted: Pernilets de pollastre groc
[2025-05-24 20:07:28] Attempting to insert product: {'name': 'Pit de pollastre blanc sencer', 'price': 4.68, 'category': 'drinks', 'store_id': 'bonarea', 'quantity': 'aprox. 715 g'}
[2025-05-24 20:07:28] Supabase Response: data=[{'name': 'Pit de pollastre blanc sencer', 'price': 4.68, 'category': 'drinks', 'store_id': 'bonarea', 'quantity': 'aprox. 715 g', 'id': '9ea509a5-9f48-4dfa-a621-653bc962774b', 'created_at': '2025-05-24T17:07:27.352705'}] count=None
[2025-05-24 20:07:28] ✅ Successfully inserted: Pit de pollastre blanc sencer
[2025-05-24 20:07:28] Attempting to insert product: {'name': 'Pernilets de pollastre blanc', 'price': 3.8, 'category': 'drinks', 'store_id': 'bonarea', 'quantity': 'aprox. 1,1 kg'}
[2025-05-24 20:07:28] Supabase Response: data=[{'name': 'Pernilets de pollastre blanc', 'price': 3.8, 'category': 'drinks', 'store_id': 'bonarea', 'quantity': 'aprox. 1,1 kg', 'id': '3e31da6c-4add-471e-8262-ddd690a0c593', 'created_at': '2025-05-24T17:07:27.627743'}] count=None
[2025-05-24 20:07:28] ✅ Successfully inserted: Pernilets de pollastre blanc
[2025-05-24 20:07:28] Attempting to insert product: {'name': 'Pit de pollastre groc filetejat', 'price': 4.69, 'category': 'drinks', 'store_id': 'bonarea', 'quantity': 'aprox. 660 g'}
[2025-05-24 20:07:29] Supabase Response: data=[{'name': 'Pit de pollastre groc filetejat', 'price': 4.69, 'category': 'drinks', 'store_id': 'bonarea', 'quantity': 'aprox. 660 g', 'id': '664331bb-fff2-4a1b-9b1a-70115b31da2b', 'created_at': '2025-05-24T17:07:27.870595'}] count=None
[2025-05-24 20:07:29] ✅ Successfully inserted: Pit de pollastre groc filetejat
[2025-05-24 20:07:29] Attempting to insert product: {'name': 'Pit de pollastre sencer 65% cereals', 'price': 4.57, 'category': 'drinks', 'store_id': 'bonarea', 'quantity': 'aprox. 605 g'}
[2025-05-24 20:07:29] Supabase Response: data=[{'name': 'Pit de pollastre sencer 65% cereals', 'price': 4.57, 'category': 'drinks', 'store_id': 'bonarea', 'quantity': 'aprox. 605 g', 'id': 'd1c2c9bd-4bf0-4b69-b038-c3b8e53916a3', 'created_at': '2025-05-24T17:07:28.133425'}] count=None
[2025-05-24 20:07:29] ✅ Successfully inserted: Pit de pollastre sencer 65% cereals
[2025-05-24 20:07:33] Attempting to insert product: {'name': 'Gaspatxo', 'price': 2.85, 'category': 'drinks', 'store_id': 'bonarea', 'quantity': '1 l'}
[2025-05-24 20:07:33] Supabase Response: data=[{'name': 'Gaspatxo', 'price': 2.85, 'category': 'drinks', 'store_id': 'bonarea', 'quantity': '1 l', 'id': '36c4c14e-e59c-49a8-82a5-41d65e579239', 'created_at': '2025-05-24T17:07:32.270962'}] count=None
[2025-05-24 20:07:33] ✅ Successfully inserted: Gaspatxo
[2025-05-24 20:07:33] Attempting to insert product: {'name': 'Salmorejo', 'price': 3.15, 'category': 'drinks', 'store_id': 'bonarea', 'quantity': '1 l'}
[2025-05-24 20:07:33] Supabase Response: data=[{'name': 'Salmorejo', 'price': 3.15, 'category': 'drinks', 'store_id': 'bonarea', 'quantity': '1 l', 'id': '08855ab9-035d-421c-9877-0bc4ff08b0a8', 'created_at': '2025-05-24T17:07:32.53524'}] count=None
[2025-05-24 20:07:33] ✅ Successfully inserted: Salmorejo
[2025-05-24 20:07:33] Attempting to insert product: {'name': 'Gaspatxo bric', 'price': 1.95, 'category': 'drinks', 'store_id': 'bonarea', 'quantity': '1 l'}
[2025-05-24 20:07:33] Supabase Response: data=[{'name': 'Gaspatxo bric', 'price': 1.95, 'category': 'drinks', 'store_id': 'bonarea', 'quantity': '1 l', 'id': '475eb748-39fa-44ea-918f-345ef13c7b3c', 'created_at': '2025-05-24T17:07:32.792943'}] count=None
[2025-05-24 20:07:33] ✅ Successfully inserted: Gaspatxo bric
[2025-05-24 20:07:33] Attempting to insert product: {'name': 'Salmorejo bric', 'price': 2.3, 'category': 'drinks', 'store_id': 'bonarea', 'quantity': '1 l'}
[2025-05-24 20:07:34] Supabase Response: data=[{'name': 'Salmorejo bric', 'price': 2.3, 'category': 'drinks', 'store_id': 'bonarea', 'quantity': '1 l', 'id': 'c31dcc61-2c23-49ba-963a-d697afc5a7f0', 'created_at': '2025-05-24T17:07:33.033614'}] count=None
[2025-05-24 20:07:34] ✅ Successfully inserted: Salmorejo bric
[2025-05-24 20:07:34] Attempting to insert product: {'name': 'Gaspatxo estil andalús', 'price': 1.1, 'category': 'drinks', 'store_id': 'bonarea', 'quantity': '300 g'}
[2025-05-24 20:07:34] Supabase Response: data=[{'name': 'Gaspatxo estil andalús', 'price': 1.1, 'category': 'drinks', 'store_id': 'bonarea', 'quantity': '300 g', 'id': 'c4f4d4d6-f00d-4b27-97f5-bd34f2e885f8', 'created_at': '2025-05-24T17:07:33.284479'}] count=None
[2025-05-24 20:07:34] ✅ Successfully inserted: Gaspatxo estil andalús
[2025-05-24 20:07:34] Attempting to insert product: {'name': 'Gaspatxo de maduixa', 'price': 1.25, 'category': 'drinks', 'store_id': 'bonarea', 'quantity': '300 g'}
[2025-05-24 20:07:34] Supabase Response: data=[{'name': 'Gaspatxo de maduixa', 'price': 1.25, 'category': 'drinks', 'store_id': 'bonarea', 'quantity': '300 g', 'id': '30b67067-dea7-47b9-9f52-3bc91c3bbbd7', 'created_at': '2025-05-24T17:07:33.534442'}] count=None
[2025-05-24 20:07:34] ✅ Successfully inserted: Gaspatxo de maduixa
[2025-05-24 20:07:34] Attempting to insert product: {'name': 'Hummus', 'price': 0.94, 'category': 'drinks', 'store_id': 'bonarea', 'quantity': '200 g'}
[2025-05-24 20:07:34] Supabase Response: data=[{'name': 'Hummus', 'price': 0.94, 'category': 'drinks', 'store_id': 'bonarea', 'quantity': '200 g', 'id': '13e3934f-5fb3-4f22-9a3c-dd1326e4aeaa', 'created_at': '2025-05-24T17:07:33.778427'}] count=None
[2025-05-24 20:07:34] ✅ Successfully inserted: Hummus
[2025-05-24 20:07:34] Attempting to insert product: {'name': 'Cap de llom filetejat a la planxa', 'price': 2.4, 'category': 'drinks', 'store_id': 'bonarea', 'quantity': 'aprox. 198 g'}
[2025-05-24 20:07:35] Supabase Response: data=[{'name': 'Cap de llom filetejat a la planxa', 'price': 2.4, 'category': 'drinks', 'store_id': 'bonarea', 'quantity': 'aprox. 198 g', 'id': 'df3c4acf-db7d-404c-a120-0c4ae8204ae3', 'created_at': '2025-05-24T17:07:34.061812'}] count=None
[2025-05-24 20:07:35] ✅ Successfully inserted: Cap de llom filetejat a la planxa
[2025-05-24 20:07:35] Attempting to insert product: {'name': "Conill d'espatlla d'anoll", 'price': 16.91, 'category': 'drinks', 'store_id': 'bonarea', 'quantity': 'aprox. 1,6 kg'}
[2025-05-24 20:07:35] Supabase Response: data=[{'name': "Conill d'espatlla d'anoll", 'price': 16.91, 'category': 'drinks', 'store_id': 'bonarea', 'quantity': 'aprox. 1,6 kg', 'id': 'cfdebcbf-b971-4d30-9938-13d928017ab4', 'created_at': '2025-05-24T17:07:34.309873'}] count=None
[2025-05-24 20:07:35] ✅ Successfully inserted: Conill d'espatlla d'anoll
[2025-05-24 20:07:35] Attempting to insert product: {'name': "Jarret d'anoll", 'price': 22.76, 'category': 'drinks', 'store_id': 'bonarea', 'quantity': 'aprox. 2,0 kg'}
[2025-05-24 20:07:35] Supabase Response: data=[{'name': "Jarret d'anoll", 'price': 22.76, 'category': 'drinks', 'store_id': 'bonarea', 'quantity': 'aprox. 2,0 kg', 'id': 'dbc92bb7-a2fa-4f63-ad5b-4410a52572c5', 'created_at': '2025-05-24T17:07:34.614817'}] count=None
[2025-05-24 20:07:35] ✅ Successfully inserted: Jarret d'anoll
[2025-05-24 20:07:35] Attempting to insert product: {'name': 'Mixt de bull negre i donegal', 'price': 1.1, 'category': 'drinks', 'store_id': 'bonarea', 'quantity': 'aprox. 143 g'}
[2025-05-24 20:07:36] Supabase Response: data=[{'name': 'Mixt de bull negre i donegal', 'price': 1.1, 'category': 'drinks', 'store_id': 'bonarea', 'quantity': 'aprox. 143 g', 'id': 'e72dfbdc-e894-41c6-8c64-42ae91ea82ec', 'created_at': '2025-05-24T17:07:34.922243'}] count=None
[2025-05-24 20:07:36] ✅ Successfully inserted: Mixt de bull negre i donegal
[2025-05-24 20:07:36] Attempting to insert product: {'name': 'Càpsules Nescafé Dolce Gusto espresso intens', 'price': 4.25, 'category': 'drinks', 'store_id': 'bonarea', 'quantity': '16 u.'}
[2025-05-24 20:07:36] Supabase Response: data=[{'name': 'Càpsules Nescafé Dolce Gusto espresso intens', 'price': 4.25, 'category': 'drinks', 'store_id': 'bonarea', 'quantity': '16 u.', 'id': 'f41a81fd-89f3-429c-a5f1-1bbc0dc2f448', 'created_at': '2025-05-24T17:07:35.234269'}] count=None
[2025-05-24 20:07:36] ✅ Successfully inserted: Càpsules Nescafé Dolce Gusto espresso intens
[2025-05-24 20:07:36] Attempting to insert product: {'name': 'Salmó adults', 'price': 13.8, 'category': 'drinks', 'store_id': 'bonarea', 'quantity': '10 kg'}
[2025-05-24 20:07:36] Supabase Response: data=[{'name': 'Salmó adults', 'price': 13.8, 'category': 'drinks', 'store_id': 'bonarea', 'quantity': '10 kg', 'id': '47f3b0c5-ed2e-4f2d-a7be-aa332aea6059', 'created_at': '2025-05-24T17:07:35.542391'}] count=None
[2025-05-24 20:07:36] ✅ Successfully inserted: Salmó adults
[2025-05-24 20:07:36] Attempting to insert product: {'name': 'Salmó adults', 'price': 4.44, 'category': 'drinks', 'store_id': 'bonarea', 'quantity': '3 kg'}
[2025-05-24 20:07:37] Supabase Response: data=[{'name': 'Salmó adults', 'price': 4.44, 'category': 'drinks', 'store_id': 'bonarea', 'quantity': '3 kg', 'id': '1ead817c-3884-47a7-8315-0d622aea21b7', 'created_at': '2025-05-24T17:07:35.863503'}] count=None
[2025-05-24 20:07:37] ✅ Successfully inserted: Salmó adults
[2025-05-24 20:07:37] Attempting to insert product: {'name': 'Original adults', 'price': 13.6, 'category': 'drinks', 'store_id': 'bonarea', 'quantity': '10 kg'}
[2025-05-24 20:07:37] Supabase Response: data=[{'name': 'Original adults', 'price': 13.6, 'category': 'drinks', 'store_id': 'bonarea', 'quantity': '10 kg', 'id': '8509781d-15bd-49cc-a3c0-d9d0a39d3bbb', 'created_at': '2025-05-24T17:07:36.148372'}] count=None
[2025-05-24 20:07:37] ✅ Successfully inserted: Original adults
[2025-05-24 20:07:37] Attempting to insert product: {'name': 'Original adults', 'price': 4.38, 'category': 'drinks', 'store_id': 'bonarea', 'quantity': '3 kg'}
[2025-05-24 20:07:37] Supabase Response: data=[{'name': 'Original adults', 'price': 4.38, 'category': 'drinks', 'store_id': 'bonarea', 'quantity': '3 kg', 'id': '7d5a6e52-ca08-415b-9008-cb2d46c71b91', 'created_at': '2025-05-24T17:07:36.467432'}] count=None
[2025-05-24 20:07:37] ✅ Successfully inserted: Original adults
[2025-05-24 20:07:37] Attempting to insert product: {'name': 'Junior 2-12 mesos', 'price': 15.9, 'category': 'drinks', 'store_id': 'bonarea', 'quantity': '10 kg'}
[2025-05-24 20:07:37] Supabase Response: data=[{'name': 'Junior 2-12 mesos', 'price': 15.9, 'category': 'drinks', 'store_id': 'bonarea', 'quantity': '10 kg', 'id': 'a001af0e-e175-4543-b24f-ba7e232a180d', 'created_at': '2025-05-24T17:07:36.7688'}] count=None
[2025-05-24 20:07:37] ✅ Successfully inserted: Junior 2-12 mesos
[2025-05-24 20:07:38] Attempting to insert product: {'name': 'Junior 2-12 mesos', 'price': 5.07, 'category': 'drinks', 'store_id': 'bonarea', 'quantity': '3 kg'}
[2025-05-24 20:07:38] Supabase Response: data=[{'name': 'Junior 2-12 mesos', 'price': 5.07, 'category': 'drinks', 'store_id': 'bonarea', 'quantity': '3 kg', 'id': '2a971ab0-3d62-448e-8444-330f8683f612', 'created_at': '2025-05-24T17:07:37.092599'}] count=None
[2025-05-24 20:07:38] ✅ Successfully inserted: Junior 2-12 mesos
[2025-05-24 20:07:38] Attempting to insert product: {'name': 'Pit de pollastre groc sencer', 'price': 4.54, 'category': 'drinks', 'store_id': 'bonarea', 'quantity': 'aprox. 693 g'}
[2025-05-24 20:07:38] Supabase Response: data=[{'name': 'Pit de pollastre groc sencer', 'price': 4.54, 'category': 'drinks', 'store_id': 'bonarea', 'quantity': 'aprox. 693 g', 'id': 'ae1186d7-1f3d-4c7b-b535-6e9f7cccfdea', 'created_at': '2025-05-24T17:07:37.447278'}] count=None
[2025-05-24 20:07:38] ✅ Successfully inserted: Pit de pollastre groc sencer
[2025-05-24 20:07:38] Attempting to insert product: {'name': 'Pernilets de pollastre groc', 'price': 3.64, 'category': 'drinks', 'store_id': 'bonarea', 'quantity': 'aprox. 1,0 kg'}
[2025-05-24 20:07:39] Supabase Response: data=[{'name': 'Pernilets de pollastre groc', 'price': 3.64, 'category': 'drinks', 'store_id': 'bonarea', 'quantity': 'aprox. 1,0 kg', 'id': 'fecabd85-81df-483d-bc98-5795b94f9cbb', 'created_at': '2025-05-24T17:07:37.794032'}] count=None
[2025-05-24 20:07:39] ✅ Successfully inserted: Pernilets de pollastre groc
[2025-05-24 20:07:39] Attempting to insert product: {'name': 'Pit de pollastre blanc sencer', 'price': 4.68, 'category': 'drinks', 'store_id': 'bonarea', 'quantity': 'aprox. 715 g'}
[2025-05-24 20:07:39] Supabase Response: data=[{'name': 'Pit de pollastre blanc sencer', 'price': 4.68, 'category': 'drinks', 'store_id': 'bonarea', 'quantity': 'aprox. 715 g', 'id': '624fc36d-7208-4498-a49f-d93c93228467', 'created_at': '2025-05-24T17:07:38.098754'}] count=None
[2025-05-24 20:07:39] ✅ Successfully inserted: Pit de pollastre blanc sencer
[2025-05-24 20:07:39] Attempting to insert product: {'name': 'Pernilets de pollastre blanc', 'price': 3.8, 'category': 'drinks', 'store_id': 'bonarea', 'quantity': 'aprox. 1,1 kg'}
[2025-05-24 20:07:39] Supabase Response: data=[{'name': 'Pernilets de pollastre blanc', 'price': 3.8, 'category': 'drinks', 'store_id': 'bonarea', 'quantity': 'aprox. 1,1 kg', 'id': 'bdee967b-48ed-46bd-950e-93a5c06ddb23', 'created_at': '2025-05-24T17:07:38.356302'}] count=None
[2025-05-24 20:07:39] ✅ Successfully inserted: Pernilets de pollastre blanc
[2025-05-24 20:07:39] Attempting to insert product: {'name': 'Pit de pollastre groc filetejat', 'price': 4.69, 'category': 'drinks', 'store_id': 'bonarea', 'quantity': 'aprox. 660 g'}
[2025-05-24 20:07:39] Supabase Response: data=[{'name': 'Pit de pollastre groc filetejat', 'price': 4.69, 'category': 'drinks', 'store_id': 'bonarea', 'quantity': 'aprox. 660 g', 'id': '0035469e-f7a5-430c-b54a-6cf36e9083f7', 'created_at': '2025-05-24T17:07:38.712792'}] count=None
[2025-05-24 20:07:39] ✅ Successfully inserted: Pit de pollastre groc filetejat
[2025-05-24 20:07:39] Attempting to insert product: {'name': 'Pit de pollastre sencer 65% cereals', 'price': 4.57, 'category': 'drinks', 'store_id': 'bonarea', 'quantity': 'aprox. 605 g'}
[2025-05-24 20:07:40] Supabase Response: data=[{'name': 'Pit de pollastre sencer 65% cereals', 'price': 4.57, 'category': 'drinks', 'store_id': 'bonarea', 'quantity': 'aprox. 605 g', 'id': 'f80ea8e9-1d76-4cd6-b8cd-c52df64579e8', 'created_at': '2025-05-24T17:07:39.036019'}] count=None
[2025-05-24 20:07:40] ✅ Successfully inserted: Pit de pollastre sencer 65% cereals
[2025-05-24 20:07:44] Attempting to insert product: {'name': 'Gaspatxo', 'price': 2.85, 'category': 'drinks', 'store_id': 'bonarea', 'quantity': '1 l'}
[2025-05-24 20:07:44] Supabase Response: data=[{'name': 'Gaspatxo', 'price': 2.85, 'category': 'drinks', 'store_id': 'bonarea', 'quantity': '1 l', 'id': '54d26675-798a-4f19-8aa0-2e3ac5686916', 'created_at': '2025-05-24T17:07:43.084512'}] count=None
[2025-05-24 20:07:44] ✅ Successfully inserted: Gaspatxo
[2025-05-24 20:07:44] Attempting to insert product: {'name': 'Salmorejo', 'price': 3.15, 'category': 'drinks', 'store_id': 'bonarea', 'quantity': '1 l'}
[2025-05-24 20:07:44] Supabase Response: data=[{'name': 'Salmorejo', 'price': 3.15, 'category': 'drinks', 'store_id': 'bonarea', 'quantity': '1 l', 'id': 'd4155cb9-16a4-40bb-98bc-cac98373c788', 'created_at': '2025-05-24T17:07:43.330224'}] count=None
[2025-05-24 20:07:44] ✅ Successfully inserted: Salmorejo
[2025-05-24 20:07:44] Attempting to insert product: {'name': 'Gaspatxo bric', 'price': 1.95, 'category': 'drinks', 'store_id': 'bonarea', 'quantity': '1 l'}
[2025-05-24 20:07:44] Supabase Response: data=[{'name': 'Gaspatxo bric', 'price': 1.95, 'category': 'drinks', 'store_id': 'bonarea', 'quantity': '1 l', 'id': '4b9a0cc7-66c8-4523-aa0e-0dbcc6c863ce', 'created_at': '2025-05-24T17:07:43.599439'}] count=None
[2025-05-24 20:07:44] ✅ Successfully inserted: Gaspatxo bric
[2025-05-24 20:07:44] Attempting to insert product: {'name': 'Salmorejo bric', 'price': 2.3, 'category': 'drinks', 'store_id': 'bonarea', 'quantity': '1 l'}
[2025-05-24 20:07:45] Supabase Response: data=[{'name': 'Salmorejo bric', 'price': 2.3, 'category': 'drinks', 'store_id': 'bonarea', 'quantity': '1 l', 'id': '92787d35-a68c-445a-9c5e-69696650d5ca', 'created_at': '2025-05-24T17:07:43.850686'}] count=None
[2025-05-24 20:07:45] ✅ Successfully inserted: Salmorejo bric
[2025-05-24 20:07:45] Attempting to insert product: {'name': 'Gaspatxo estil andalús', 'price': 1.1, 'category': 'drinks', 'store_id': 'bonarea', 'quantity': '300 g'}
[2025-05-24 20:07:45] Supabase Response: data=[{'name': 'Gaspatxo estil andalús', 'price': 1.1, 'category': 'drinks', 'store_id': 'bonarea', 'quantity': '300 g', 'id': '1d0442c3-eef9-4103-828a-f4ca29c13e3a', 'created_at': '2025-05-24T17:07:44.116313'}] count=None
[2025-05-24 20:07:45] ✅ Successfully inserted: Gaspatxo estil andalús
[2025-05-24 20:07:45] Attempting to insert product: {'name': 'Gaspatxo de maduixa', 'price': 1.25, 'category': 'drinks', 'store_id': 'bonarea', 'quantity': '300 g'}
[2025-05-24 20:07:45] Supabase Response: data=[{'name': 'Gaspatxo de maduixa', 'price': 1.25, 'category': 'drinks', 'store_id': 'bonarea', 'quantity': '300 g', 'id': '706f2464-6ff6-476d-83ff-ea7c037679b1', 'created_at': '2025-05-24T17:07:44.392352'}] count=None
[2025-05-24 20:07:45] ✅ Successfully inserted: Gaspatxo de maduixa
[2025-05-24 20:07:45] Attempting to insert product: {'name': 'Hummus', 'price': 0.94, 'category': 'drinks', 'store_id': 'bonarea', 'quantity': '200 g'}
[2025-05-24 20:07:45] Supabase Response: data=[{'name': 'Hummus', 'price': 0.94, 'category': 'drinks', 'store_id': 'bonarea', 'quantity': '200 g', 'id': '468e70f6-fc74-4d03-8603-45c03e01287c', 'created_at': '2025-05-24T17:07:44.652508'}] count=None
[2025-05-24 20:07:45] ✅ Successfully inserted: Hummus
[2025-05-24 20:07:45] Attempting to insert product: {'name': 'Cap de llom filetejat a la planxa', 'price': 2.4, 'category': 'drinks', 'store_id': 'bonarea', 'quantity': 'aprox. 198 g'}
[2025-05-24 20:07:46] Supabase Response: data=[{'name': 'Cap de llom filetejat a la planxa', 'price': 2.4, 'category': 'drinks', 'store_id': 'bonarea', 'quantity': 'aprox. 198 g', 'id': 'f267d484-f7bf-46dd-8b8f-cd358149f291', 'created_at': '2025-05-24T17:07:44.901697'}] count=None
[2025-05-24 20:07:46] ✅ Successfully inserted: Cap de llom filetejat a la planxa
[2025-05-24 20:07:46] Attempting to insert product: {'name': "Conill d'espatlla d'anoll", 'price': 16.91, 'category': 'drinks', 'store_id': 'bonarea', 'quantity': 'aprox. 1,6 kg'}
[2025-05-24 20:07:46] Supabase Response: data=[{'name': "Conill d'espatlla d'anoll", 'price': 16.91, 'category': 'drinks', 'store_id': 'bonarea', 'quantity': 'aprox. 1,6 kg', 'id': '49f2e9dc-4362-4d98-8753-5314ce7654dd', 'created_at': '2025-05-24T17:07:45.278611'}] count=None
[2025-05-24 20:07:46] ✅ Successfully inserted: Conill d'espatlla d'anoll
[2025-05-24 20:07:46] Attempting to insert product: {'name': "Jarret d'anoll", 'price': 22.76, 'category': 'drinks', 'store_id': 'bonarea', 'quantity': 'aprox. 2,0 kg'}
[2025-05-24 20:07:46] Supabase Response: data=[{'name': "Jarret d'anoll", 'price': 22.76, 'category': 'drinks', 'store_id': 'bonarea', 'quantity': 'aprox. 2,0 kg', 'id': '93cad61c-4fec-44eb-a4aa-98b58fedad2d', 'created_at': '2025-05-24T17:07:45.579584'}] count=None
[2025-05-24 20:07:46] ✅ Successfully inserted: Jarret d'anoll
[2025-05-24 20:07:46] Attempting to insert product: {'name': 'Mixt de bull negre i donegal', 'price': 1.1, 'category': 'drinks', 'store_id': 'bonarea', 'quantity': 'aprox. 143 g'}
[2025-05-24 20:07:47] Supabase Response: data=[{'name': 'Mixt de bull negre i donegal', 'price': 1.1, 'category': 'drinks', 'store_id': 'bonarea', 'quantity': 'aprox. 143 g', 'id': 'b0f13cbb-9be7-4e88-a847-2d30721e463c', 'created_at': '2025-05-24T17:07:45.885188'}] count=None
[2025-05-24 20:07:47] ✅ Successfully inserted: Mixt de bull negre i donegal
[2025-05-24 20:07:47] Attempting to insert product: {'name': 'Càpsules Nescafé Dolce Gusto espresso intens', 'price': 4.25, 'category': 'drinks', 'store_id': 'bonarea', 'quantity': '16 u.'}
[2025-05-24 20:07:47] Supabase Response: data=[{'name': 'Càpsules Nescafé Dolce Gusto espresso intens', 'price': 4.25, 'category': 'drinks', 'store_id': 'bonarea', 'quantity': '16 u.', 'id': 'f6e53a7a-0f3e-40e8-8e34-07d09967a701', 'created_at': '2025-05-24T17:07:46.193447'}] count=None
[2025-05-24 20:07:47] ✅ Successfully inserted: Càpsules Nescafé Dolce Gusto espresso intens
[2025-05-24 20:07:47] Attempting to insert product: {'name': 'Salmó adults', 'price': 13.8, 'category': 'drinks', 'store_id': 'bonarea', 'quantity': '10 kg'}
[2025-05-24 20:07:47] Supabase Response: data=[{'name': 'Salmó adults', 'price': 13.8, 'category': 'drinks', 'store_id': 'bonarea', 'quantity': '10 kg', 'id': '6f5e0118-4bc8-49b1-9f83-03e6313147a2', 'created_at': '2025-05-24T17:07:46.498603'}] count=None
[2025-05-24 20:07:47] ✅ Successfully inserted: Salmó adults
[2025-05-24 20:07:47] Attempting to insert product: {'name': 'Salmó adults', 'price': 4.44, 'category': 'drinks', 'store_id': 'bonarea', 'quantity': '3 kg'}
[2025-05-24 20:07:48] Supabase Response: data=[{'name': 'Salmó adults', 'price': 4.44, 'category': 'drinks', 'store_id': 'bonarea', 'quantity': '3 kg', 'id': 'a7ffc008-d108-4312-8a9c-e2f7abce2a09', 'created_at': '2025-05-24T17:07:46.806054'}] count=None
[2025-05-24 20:07:48] ✅ Successfully inserted: Salmó adults
[2025-05-24 20:07:48] Attempting to insert product: {'name': 'Original adults', 'price': 13.6, 'category': 'drinks', 'store_id': 'bonarea', 'quantity': '10 kg'}
[2025-05-24 20:07:48] Supabase Response: data=[{'name': 'Original adults', 'price': 13.6, 'category': 'drinks', 'store_id': 'bonarea', 'quantity': '10 kg', 'id': '62d3e17b-abf9-4212-8a06-4b0ebdcae998', 'created_at': '2025-05-24T17:07:47.131132'}] count=None
[2025-05-24 20:07:48] ✅ Successfully inserted: Original adults
[2025-05-24 20:07:48] Attempting to insert product: {'name': 'Original adults', 'price': 4.38, 'category': 'drinks', 'store_id': 'bonarea', 'quantity': '3 kg'}
[2025-05-24 20:07:48] Supabase Response: data=[{'name': 'Original adults', 'price': 4.38, 'category': 'drinks', 'store_id': 'bonarea', 'quantity': '3 kg', 'id': 'd4588166-b41e-446b-8232-0fc01d76f59b', 'created_at': '2025-05-24T17:07:47.400157'}] count=None
[2025-05-24 20:07:48] ✅ Successfully inserted: Original adults
[2025-05-24 20:07:48] Attempting to insert product: {'name': 'Junior 2-12 mesos', 'price': 15.9, 'category': 'drinks', 'store_id': 'bonarea', 'quantity': '10 kg'}
[2025-05-24 20:07:48] Supabase Response: data=[{'name': 'Junior 2-12 mesos', 'price': 15.9, 'category': 'drinks', 'store_id': 'bonarea', 'quantity': '10 kg', 'id': '1c2d2a92-84a3-4c9a-b466-b5724e83deb7', 'created_at': '2025-05-24T17:07:47.746084'}] count=None
[2025-05-24 20:07:48] ✅ Successfully inserted: Junior 2-12 mesos
[2025-05-24 20:07:48] Attempting to insert product: {'name': 'Junior 2-12 mesos', 'price': 5.07, 'category': 'drinks', 'store_id': 'bonarea', 'quantity': '3 kg'}
[2025-05-24 20:07:49] Supabase Response: data=[{'name': 'Junior 2-12 mesos', 'price': 5.07, 'category': 'drinks', 'store_id': 'bonarea', 'quantity': '3 kg', 'id': '1fbf5e1c-aafc-49fd-a54a-a194226fcb6e', 'created_at': '2025-05-24T17:07:48.033547'}] count=None
[2025-05-24 20:07:49] ✅ Successfully inserted: Junior 2-12 mesos
[2025-05-24 20:07:49] Attempting to insert product: {'name': 'Pit de pollastre groc sencer', 'price': 4.54, 'category': 'drinks', 'store_id': 'bonarea', 'quantity': 'aprox. 693 g'}
[2025-05-24 20:07:49] Supabase Response: data=[{'name': 'Pit de pollastre groc sencer', 'price': 4.54, 'category': 'drinks', 'store_id': 'bonarea', 'quantity': 'aprox. 693 g', 'id': '66507375-6dfc-4394-b3cf-0096da1edf3b', 'created_at': '2025-05-24T17:07:48.337031'}] count=None
[2025-05-24 20:07:49] ✅ Successfully inserted: Pit de pollastre groc sencer
[2025-05-24 20:07:49] Attempting to insert product: {'name': 'Pernilets de pollastre groc', 'price': 3.64, 'category': 'drinks', 'store_id': 'bonarea', 'quantity': 'aprox. 1,0 kg'}
[2025-05-24 20:07:49] Supabase Response: data=[{'name': 'Pernilets de pollastre groc', 'price': 3.64, 'category': 'drinks', 'store_id': 'bonarea', 'quantity': 'aprox. 1,0 kg', 'id': '6fdc0081-28ff-4ff9-a020-b384a4b9062e', 'created_at': '2025-05-24T17:07:48.66516'}] count=None
[2025-05-24 20:07:49] ✅ Successfully inserted: Pernilets de pollastre groc
[2025-05-24 20:07:49] Attempting to insert product: {'name': 'Pit de pollastre blanc sencer', 'price': 4.68, 'category': 'drinks', 'store_id': 'bonarea', 'quantity': 'aprox. 715 g'}
[2025-05-24 20:07:50] Supabase Response: data=[{'name': 'Pit de pollastre blanc sencer', 'price': 4.68, 'category': 'drinks', 'store_id': 'bonarea', 'quantity': 'aprox. 715 g', 'id': '54667bef-d750-4d12-9263-114a33a05c16', 'created_at': '2025-05-24T17:07:48.988895'}] count=None
[2025-05-24 20:07:50] ✅ Successfully inserted: Pit de pollastre blanc sencer
[2025-05-24 20:07:50] Attempting to insert product: {'name': 'Pernilets de pollastre blanc', 'price': 3.8, 'category': 'drinks', 'store_id': 'bonarea', 'quantity': 'aprox. 1,1 kg'}
[2025-05-24 20:07:50] Supabase Response: data=[{'name': 'Pernilets de pollastre blanc', 'price': 3.8, 'category': 'drinks', 'store_id': 'bonarea', 'quantity': 'aprox. 1,1 kg', 'id': 'e16179b9-efc8-40f7-802d-6bf157b3285b', 'created_at': '2025-05-24T17:07:49.26453'}] count=None
[2025-05-24 20:07:50] ✅ Successfully inserted: Pernilets de pollastre blanc
[2025-05-24 20:07:50] Attempting to insert product: {'name': 'Pit de pollastre groc filetejat', 'price': 4.69, 'category': 'drinks', 'store_id': 'bonarea', 'quantity': 'aprox. 660 g'}
[2025-05-24 20:07:50] Supabase Response: data=[{'name': 'Pit de pollastre groc filetejat', 'price': 4.69, 'category': 'drinks', 'store_id': 'bonarea', 'quantity': 'aprox. 660 g', 'id': '7d7ecc05-e1ba-44d0-84c9-1a9e00a3a955', 'created_at': '2025-05-24T17:07:49.576687'}] count=None
[2025-05-24 20:07:50] ✅ Successfully inserted: Pit de pollastre groc filetejat
[2025-05-24 20:07:50] Attempting to insert product: {'name': 'Pit de pollastre sencer 65% cereals', 'price': 4.57, 'category': 'drinks', 'store_id': 'bonarea', 'quantity': 'aprox. 605 g'}
[2025-05-24 20:07:51] Supabase Response: data=[{'name': 'Pit de pollastre sencer 65% cereals', 'price': 4.57, 'category': 'drinks', 'store_id': 'bonarea', 'quantity': 'aprox. 605 g', 'id': '98c0e650-de8f-4c2e-a034-c3ca3f9073dc', 'created_at': '2025-05-24T17:07:49.879935'}] count=None
[2025-05-24 20:07:51] ✅ Successfully inserted: Pit de pollastre sencer 65% cereals
[2025-05-24 20:07:54] Attempting to insert product: {'name': 'Gaspatxo', 'price': 2.85, 'category': 'drinks', 'store_id': 'bonarea', 'quantity': '1 l'}
[2025-05-24 20:07:55] Supabase Response: data=[{'name': 'Gaspatxo', 'price': 2.85, 'category': 'drinks', 'store_id': 'bonarea', 'quantity': '1 l', 'id': '9d66edac-5538-4d2a-bdf3-1c3356dd796d', 'created_at': '2025-05-24T17:07:53.967103'}] count=None
[2025-05-24 20:07:55] ✅ Successfully inserted: Gaspatxo
[2025-05-24 20:07:55] Attempting to insert product: {'name': 'Salmorejo', 'price': 3.15, 'category': 'drinks', 'store_id': 'bonarea', 'quantity': '1 l'}
[2025-05-24 20:07:55] Supabase Response: data=[{'name': 'Salmorejo', 'price': 3.15, 'category': 'drinks', 'store_id': 'bonarea', 'quantity': '1 l', 'id': '2d63f46e-39f2-4e09-a16f-6d9956fad1c3', 'created_at': '2025-05-24T17:07:54.297049'}] count=None
[2025-05-24 20:07:55] ✅ Successfully inserted: Salmorejo
[2025-05-24 20:07:55] Attempting to insert product: {'name': 'Gaspatxo bric', 'price': 1.95, 'category': 'drinks', 'store_id': 'bonarea', 'quantity': '1 l'}
[2025-05-24 20:07:55] Supabase Response: data=[{'name': 'Gaspatxo bric', 'price': 1.95, 'category': 'drinks', 'store_id': 'bonarea', 'quantity': '1 l', 'id': '1d00dcb1-52c6-46a4-bcfa-98dd3f57818e', 'created_at': '2025-05-24T17:07:54.561105'}] count=None
[2025-05-24 20:07:55] ✅ Successfully inserted: Gaspatxo bric
[2025-05-24 20:07:55] Attempting to insert product: {'name': 'Salmorejo bric', 'price': 2.3, 'category': 'drinks', 'store_id': 'bonarea', 'quantity': '1 l'}
[2025-05-24 20:07:56] Supabase Response: data=[{'name': 'Salmorejo bric', 'price': 2.3, 'category': 'drinks', 'store_id': 'bonarea', 'quantity': '1 l', 'id': 'ca938a9c-d039-4018-bd4d-bccd70a943c3', 'created_at': '2025-05-24T17:07:54.909551'}] count=None
[2025-05-24 20:07:56] ✅ Successfully inserted: Salmorejo bric
[2025-05-24 20:07:56] Attempting to insert product: {'name': 'Gaspatxo estil andalús', 'price': 1.1, 'category': 'drinks', 'store_id': 'bonarea', 'quantity': '300 g'}
[2025-05-24 20:07:56] Supabase Response: data=[{'name': 'Gaspatxo estil andalús', 'price': 1.1, 'category': 'drinks', 'store_id': 'bonarea', 'quantity': '300 g', 'id': '478113bd-fe7c-45a7-b0e9-ba1b9f4a683f', 'created_at': '2025-05-24T17:07:55.205988'}] count=None
[2025-05-24 20:07:56] ✅ Successfully inserted: Gaspatxo estil andalús
[2025-05-24 20:07:56] Attempting to insert product: {'name': 'Gaspatxo de maduixa', 'price': 1.25, 'category': 'drinks', 'store_id': 'bonarea', 'quantity': '300 g'}
[2025-05-24 20:07:56] Supabase Response: data=[{'name': 'Gaspatxo de maduixa', 'price': 1.25, 'category': 'drinks', 'store_id': 'bonarea', 'quantity': '300 g', 'id': 'fa9288f1-901b-4dd5-b6ce-96e864f414fe', 'created_at': '2025-05-24T17:07:55.535554'}] count=None
[2025-05-24 20:07:56] ✅ Successfully inserted: Gaspatxo de maduixa
[2025-05-24 20:07:56] Attempting to insert product: {'name': 'Hummus', 'price': 0.94, 'category': 'drinks', 'store_id': 'bonarea', 'quantity': '200 g'}
[2025-05-24 20:07:56] Supabase Response: data=[{'name': 'Hummus', 'price': 0.94, 'category': 'drinks', 'store_id': 'bonarea', 'quantity': '200 g', 'id': 'f622ff00-1359-4c87-b2af-72ffeb7b498b', 'created_at': '2025-05-24T17:07:55.830212'}] count=None
[2025-05-24 20:07:56] ✅ Successfully inserted: Hummus
[2025-05-24 20:07:57] Attempting to insert product: {'name': 'Cap de llom filetejat a la planxa', 'price': 2.4, 'category': 'drinks', 'store_id': 'bonarea', 'quantity': 'aprox. 198 g'}
[2025-05-24 20:07:57] Supabase Response: data=[{'name': 'Cap de llom filetejat a la planxa', 'price': 2.4, 'category': 'drinks', 'store_id': 'bonarea', 'quantity': 'aprox. 198 g', 'id': '9ea5a3a1-2e21-4150-9eb0-a61923d97b62', 'created_at': '2025-05-24T17:07:56.09701'}] count=None
[2025-05-24 20:07:57] ✅ Successfully inserted: Cap de llom filetejat a la planxa
[2025-05-24 20:07:57] Attempting to insert product: {'name': "Conill d'espatlla d'anoll", 'price': 16.91, 'category': 'drinks', 'store_id': 'bonarea', 'quantity': 'aprox. 1,6 kg'}
[2025-05-24 20:07:57] Supabase Response: data=[{'name': "Conill d'espatlla d'anoll", 'price': 16.91, 'category': 'drinks', 'store_id': 'bonarea', 'quantity': 'aprox. 1,6 kg', 'id': '733774f8-77d7-4e1e-adb4-9248aff7c230', 'created_at': '2025-05-24T17:07:56.43421'}] count=None
[2025-05-24 20:07:57] ✅ Successfully inserted: Conill d'espatlla d'anoll
[2025-05-24 20:07:57] Attempting to insert product: {'name': "Jarret d'anoll", 'price': 22.76, 'category': 'drinks', 'store_id': 'bonarea', 'quantity': 'aprox. 2,0 kg'}
[2025-05-24 20:07:57] Supabase Response: data=[{'name': "Jarret d'anoll", 'price': 22.76, 'category': 'drinks', 'store_id': 'bonarea', 'quantity': 'aprox. 2,0 kg', 'id': '21c465a1-ae46-45e4-9b7a-f8cf3c07e89a', 'created_at': '2025-05-24T17:07:56.756002'}] count=None
[2025-05-24 20:07:57] ✅ Successfully inserted: Jarret d'anoll
[2025-05-24 20:07:57] Attempting to insert product: {'name': 'Mixt de bull negre i donegal', 'price': 1.1, 'category': 'drinks', 'store_id': 'bonarea', 'quantity': 'aprox. 143 g'}
[2025-05-24 20:07:58] Supabase Response: data=[{'name': 'Mixt de bull negre i donegal', 'price': 1.1, 'category': 'drinks', 'store_id': 'bonarea', 'quantity': 'aprox. 143 g', 'id': 'b657b289-08cc-483a-ae99-97204efb4e4e', 'created_at': '2025-05-24T17:07:57.049534'}] count=None
[2025-05-24 20:07:58] ✅ Successfully inserted: Mixt de bull negre i donegal
[2025-05-24 20:07:58] Attempting to insert product: {'name': 'Càpsules Nescafé Dolce Gusto espresso intens', 'price': 4.25, 'category': 'drinks', 'store_id': 'bonarea', 'quantity': '16 u.'}
[2025-05-24 20:07:58] Supabase Response: data=[{'name': 'Càpsules Nescafé Dolce Gusto espresso intens', 'price': 4.25, 'category': 'drinks', 'store_id': 'bonarea', 'quantity': '16 u.', 'id': 'f5a622dc-8df8-46e1-8841-fd4253eecda9', 'created_at': '2025-05-24T17:07:57.369317'}] count=None
[2025-05-24 20:07:58] ✅ Successfully inserted: Càpsules Nescafé Dolce Gusto espresso intens
[2025-05-24 20:07:58] Attempting to insert product: {'name': 'Salmó adults', 'price': 13.8, 'category': 'drinks', 'store_id': 'bonarea', 'quantity': '10 kg'}
[2025-05-24 20:07:58] Supabase Response: data=[{'name': 'Salmó adults', 'price': 13.8, 'category': 'drinks', 'store_id': 'bonarea', 'quantity': '10 kg', 'id': '03668d0d-c3e0-4043-b47a-75559f2754f4', 'created_at': '2025-05-24T17:07:57.657973'}] count=None
[2025-05-24 20:07:58] ✅ Successfully inserted: Salmó adults
[2025-05-24 20:07:58] Attempting to insert product: {'name': 'Salmó adults', 'price': 4.44, 'category': 'drinks', 'store_id': 'bonarea', 'quantity': '3 kg'}
[2025-05-24 20:07:59] Supabase Response: data=[{'name': 'Salmó adults', 'price': 4.44, 'category': 'drinks', 'store_id': 'bonarea', 'quantity': '3 kg', 'id': '36567b5b-b5d7-4bea-9829-5aba73e7a61d', 'created_at': '2025-05-24T17:07:57.911549'}] count=None
[2025-05-24 20:07:59] ✅ Successfully inserted: Salmó adults
[2025-05-24 20:07:59] Attempting to insert product: {'name': 'Original adults', 'price': 13.6, 'category': 'drinks', 'store_id': 'bonarea', 'quantity': '10 kg'}
[2025-05-24 20:07:59] Supabase Response: data=[{'name': 'Original adults', 'price': 13.6, 'category': 'drinks', 'store_id': 'bonarea', 'quantity': '10 kg', 'id': 'b665e5b1-fee8-47b4-889f-3af1fd31df1c', 'created_at': '2025-05-24T17:07:58.260812'}] count=None
[2025-05-24 20:07:59] ✅ Successfully inserted: Original adults
[2025-05-24 20:07:59] Attempting to insert product: {'name': 'Original adults', 'price': 4.38, 'category': 'drinks', 'store_id': 'bonarea', 'quantity': '3 kg'}
[2025-05-24 20:07:59] Supabase Response: data=[{'name': 'Original adults', 'price': 4.38, 'category': 'drinks', 'store_id': 'bonarea', 'quantity': '3 kg', 'id': 'f5ccfe92-de3b-4be3-8c8c-e35a1ab3932a', 'created_at': '2025-05-24T17:07:58.606034'}] count=None
[2025-05-24 20:07:59] ✅ Successfully inserted: Original adults
[2025-05-24 20:07:59] Attempting to insert product: {'name': 'Junior 2-12 mesos', 'price': 15.9, 'category': 'drinks', 'store_id': 'bonarea', 'quantity': '10 kg'}
[2025-05-24 20:08:00] Supabase Response: data=[{'name': 'Junior 2-12 mesos', 'price': 15.9, 'category': 'drinks', 'store_id': 'bonarea', 'quantity': '10 kg', 'id': 'fbd45561-a9f9-4149-9a78-66d82da273e8', 'created_at': '2025-05-24T17:07:58.887482'}] count=None
[2025-05-24 20:08:00] ✅ Successfully inserted: Junior 2-12 mesos
[2025-05-24 20:08:00] Attempting to insert product: {'name': 'Junior 2-12 mesos', 'price': 5.07, 'category': 'drinks', 'store_id': 'bonarea', 'quantity': '3 kg'}
[2025-05-24 20:08:00] Supabase Response: data=[{'name': 'Junior 2-12 mesos', 'price': 5.07, 'category': 'drinks', 'store_id': 'bonarea', 'quantity': '3 kg', 'id': '116b752a-693c-44b8-be6a-9fb8150c1e9f', 'created_at': '2025-05-24T17:07:59.190846'}] count=None
[2025-05-24 20:08:00] ✅ Successfully inserted: Junior 2-12 mesos
[2025-05-24 20:08:00] Attempting to insert product: {'name': 'Pit de pollastre groc sencer', 'price': 4.54, 'category': 'drinks', 'store_id': 'bonarea', 'quantity': 'aprox. 693 g'}
[2025-05-24 20:08:00] Supabase Response: data=[{'name': 'Pit de pollastre groc sencer', 'price': 4.54, 'category': 'drinks', 'store_id': 'bonarea', 'quantity': 'aprox. 693 g', 'id': '95d37699-e0a1-4f6d-b459-911886e7fbac', 'created_at': '2025-05-24T17:07:59.530298'}] count=None
[2025-05-24 20:08:00] ✅ Successfully inserted: Pit de pollastre groc sencer
[2025-05-24 20:08:00] Attempting to insert product: {'name': 'Pernilets de pollastre groc', 'price': 3.64, 'category': 'drinks', 'store_id': 'bonarea', 'quantity': 'aprox. 1,0 kg'}
[2025-05-24 20:08:00] Supabase Response: data=[{'name': 'Pernilets de pollastre groc', 'price': 3.64, 'category': 'drinks', 'store_id': 'bonarea', 'quantity': 'aprox. 1,0 kg', 'id': '579f840b-3284-4b04-bca7-e60e7c1b39af', 'created_at': '2025-05-24T17:07:59.809132'}] count=None
[2025-05-24 20:08:00] ✅ Successfully inserted: Pernilets de pollastre groc
[2025-05-24 20:08:01] Attempting to insert product: {'name': 'Pit de pollastre blanc sencer', 'price': 4.68, 'category': 'drinks', 'store_id': 'bonarea', 'quantity': 'aprox. 715 g'}
[2025-05-24 20:08:01] Supabase Response: data=[{'name': 'Pit de pollastre blanc sencer', 'price': 4.68, 'category': 'drinks', 'store_id': 'bonarea', 'quantity': 'aprox. 715 g', 'id': 'ff6b1a81-201f-4c7f-95ce-f36382205b6f', 'created_at': '2025-05-24T17:08:00.063369'}] count=None
[2025-05-24 20:08:01] ✅ Successfully inserted: Pit de pollastre blanc sencer
[2025-05-24 20:08:01] Attempting to insert product: {'name': 'Pernilets de pollastre blanc', 'price': 3.8, 'category': 'drinks', 'store_id': 'bonarea', 'quantity': 'aprox. 1,1 kg'}
[2025-05-24 20:08:01] Supabase Response: data=[{'name': 'Pernilets de pollastre blanc', 'price': 3.8, 'category': 'drinks', 'store_id': 'bonarea', 'quantity': 'aprox. 1,1 kg', 'id': '4f65c483-da0f-4c0f-8051-ea3a8cce8e70', 'created_at': '2025-05-24T17:08:00.43421'}] count=None
[2025-05-24 20:08:01] ✅ Successfully inserted: Pernilets de pollastre blanc
[2025-05-24 20:08:01] Attempting to insert product: {'name': 'Pit de pollastre groc filetejat', 'price': 4.69, 'category': 'drinks', 'store_id': 'bonarea', 'quantity': 'aprox. 660 g'}
[2025-05-24 20:08:01] Supabase Response: data=[{'name': 'Pit de pollastre groc filetejat', 'price': 4.69, 'category': 'drinks', 'store_id': 'bonarea', 'quantity': 'aprox. 660 g', 'id': '3f9a3409-53da-42cf-bcd3-ec5fe3d0c618', 'created_at': '2025-05-24T17:08:00.727142'}] count=None
[2025-05-24 20:08:01] ✅ Successfully inserted: Pit de pollastre groc filetejat
[2025-05-24 20:08:01] Attempting to insert product: {'name': 'Pit de pollastre sencer 65% cereals', 'price': 4.57, 'category': 'drinks', 'store_id': 'bonarea', 'quantity': 'aprox. 605 g'}
[2025-05-24 20:08:02] Supabase Response: data=[{'name': 'Pit de pollastre sencer 65% cereals', 'price': 4.57, 'category': 'drinks', 'store_id': 'bonarea', 'quantity': 'aprox. 605 g', 'id': 'cdbd9bf5-87d7-43ff-b56b-48537469c75e', 'created_at': '2025-05-24T17:08:01.044377'}] count=None
[2025-05-24 20:08:02] ✅ Successfully inserted: Pit de pollastre sencer 65% cereals
[2025-05-24 20:08:06] Attempting to insert product: {'name': 'Gaspatxo', 'price': 2.85, 'category': 'drinks', 'store_id': 'bonarea', 'quantity': '1 l'}
[2025-05-24 20:08:06] Supabase Response: data=[{'name': 'Gaspatxo', 'price': 2.85, 'category': 'drinks', 'store_id': 'bonarea', 'quantity': '1 l', 'id': '16416f14-d653-4fb3-af8f-bb9adb6e84ae', 'created_at': '2025-05-24T17:08:05.065961'}] count=None
[2025-05-24 20:08:06] ✅ Successfully inserted: Gaspatxo
[2025-05-24 20:08:06] Attempting to insert product: {'name': 'Salmorejo', 'price': 3.15, 'category': 'drinks', 'store_id': 'bonarea', 'quantity': '1 l'}
[2025-05-24 20:08:06] Supabase Response: data=[{'name': 'Salmorejo', 'price': 3.15, 'category': 'drinks', 'store_id': 'bonarea', 'quantity': '1 l', 'id': 'c1a9b021-df02-4b35-8587-c9bd4f0b3d67', 'created_at': '2025-05-24T17:08:05.312924'}] count=None
[2025-05-24 20:08:06] ✅ Successfully inserted: Salmorejo
[2025-05-24 20:08:06] Attempting to insert product: {'name': 'Gaspatxo bric', 'price': 1.95, 'category': 'drinks', 'store_id': 'bonarea', 'quantity': '1 l'}
[2025-05-24 20:08:06] Supabase Response: data=[{'name': 'Gaspatxo bric', 'price': 1.95, 'category': 'drinks', 'store_id': 'bonarea', 'quantity': '1 l', 'id': '549b247f-50ee-4ea3-a912-2c77fea5bf65', 'created_at': '2025-05-24T17:08:05.578321'}] count=None
[2025-05-24 20:08:06] ✅ Successfully inserted: Gaspatxo bric
[2025-05-24 20:08:06] Attempting to insert product: {'name': 'Salmorejo bric', 'price': 2.3, 'category': 'drinks', 'store_id': 'bonarea', 'quantity': '1 l'}
[2025-05-24 20:08:07] Supabase Response: data=[{'name': 'Salmorejo bric', 'price': 2.3, 'category': 'drinks', 'store_id': 'bonarea', 'quantity': '1 l', 'id': '2f1aea99-ea63-48b8-95a9-3e663d59effa', 'created_at': '2025-05-24T17:08:05.829822'}] count=None
[2025-05-24 20:08:07] ✅ Successfully inserted: Salmorejo bric
[2025-05-24 20:08:07] Attempting to insert product: {'name': 'Gaspatxo estil andalús', 'price': 1.1, 'category': 'drinks', 'store_id': 'bonarea', 'quantity': '300 g'}
[2025-05-24 20:08:07] Supabase Response: data=[{'name': 'Gaspatxo estil andalús', 'price': 1.1, 'category': 'drinks', 'store_id': 'bonarea', 'quantity': '300 g', 'id': 'e2f00c25-65e9-46d5-b3f7-e022b19e5e45', 'created_at': '2025-05-24T17:08:06.098136'}] count=None
[2025-05-24 20:08:07] ✅ Successfully inserted: Gaspatxo estil andalús
[2025-05-24 20:08:07] Attempting to insert product: {'name': 'Gaspatxo de maduixa', 'price': 1.25, 'category': 'drinks', 'store_id': 'bonarea', 'quantity': '300 g'}
[2025-05-24 20:08:07] Supabase Response: data=[{'name': 'Gaspatxo de maduixa', 'price': 1.25, 'category': 'drinks', 'store_id': 'bonarea', 'quantity': '300 g', 'id': 'ee0a5196-6c4a-4f3b-a5e0-a278543601d5', 'created_at': '2025-05-24T17:08:06.372331'}] count=None
[2025-05-24 20:08:07] ✅ Successfully inserted: Gaspatxo de maduixa
[2025-05-24 20:08:07] Attempting to insert product: {'name': 'Hummus', 'price': 0.94, 'category': 'drinks', 'store_id': 'bonarea', 'quantity': '200 g'}
[2025-05-24 20:08:07] Supabase Response: data=[{'name': 'Hummus', 'price': 0.94, 'category': 'drinks', 'store_id': 'bonarea', 'quantity': '200 g', 'id': '3bc01a5b-cf6e-4279-87b1-295363bc8c34', 'created_at': '2025-05-24T17:08:06.618098'}] count=None
[2025-05-24 20:08:07] ✅ Successfully inserted: Hummus
[2025-05-24 20:08:07] Attempting to insert product: {'name': 'Cap de llom filetejat a la planxa', 'price': 2.4, 'category': 'drinks', 'store_id': 'bonarea', 'quantity': 'aprox. 198 g'}
[2025-05-24 20:08:08] Supabase Response: data=[{'name': 'Cap de llom filetejat a la planxa', 'price': 2.4, 'category': 'drinks', 'store_id': 'bonarea', 'quantity': 'aprox. 198 g', 'id': 'b1c95806-1827-4984-a82e-f0dfc2a5407c', 'created_at': '2025-05-24T17:08:06.859576'}] count=None
[2025-05-24 20:08:08] ✅ Successfully inserted: Cap de llom filetejat a la planxa
[2025-05-24 20:08:08] Attempting to insert product: {'name': "Conill d'espatlla d'anoll", 'price': 16.91, 'category': 'drinks', 'store_id': 'bonarea', 'quantity': 'aprox. 1,6 kg'}
[2025-05-24 20:08:08] Supabase Response: data=[{'name': "Conill d'espatlla d'anoll", 'price': 16.91, 'category': 'drinks', 'store_id': 'bonarea', 'quantity': 'aprox. 1,6 kg', 'id': '4c2805c1-1097-4952-9255-b18924418da6', 'created_at': '2025-05-24T17:08:07.184817'}] count=None
[2025-05-24 20:08:08] ✅ Successfully inserted: Conill d'espatlla d'anoll
[2025-05-24 20:08:08] Attempting to insert product: {'name': "Jarret d'anoll", 'price': 22.76, 'category': 'drinks', 'store_id': 'bonarea', 'quantity': 'aprox. 2,0 kg'}
[2025-05-24 20:08:08] Supabase Response: data=[{'name': "Jarret d'anoll", 'price': 22.76, 'category': 'drinks', 'store_id': 'bonarea', 'quantity': 'aprox. 2,0 kg', 'id': '29c9c3a6-a9d6-4852-98c6-1de86738c5a2', 'created_at': '2025-05-24T17:08:07.506523'}] count=None
[2025-05-24 20:08:08] ✅ Successfully inserted: Jarret d'anoll
[2025-05-24 20:08:08] Attempting to insert product: {'name': 'Mixt de bull negre i donegal', 'price': 1.1, 'category': 'drinks', 'store_id': 'bonarea', 'quantity': 'aprox. 143 g'}
[2025-05-24 20:08:09] Supabase Response: data=[{'name': 'Mixt de bull negre i donegal', 'price': 1.1, 'category': 'drinks', 'store_id': 'bonarea', 'quantity': 'aprox. 143 g', 'id': '791d44c7-503e-4e7b-b9c8-3e1e8a469707', 'created_at': '2025-05-24T17:08:07.797749'}] count=None
[2025-05-24 20:08:09] ✅ Successfully inserted: Mixt de bull negre i donegal
[2025-05-24 20:08:09] Attempting to insert product: {'name': 'Càpsules Nescafé Dolce Gusto espresso intens', 'price': 4.25, 'category': 'drinks', 'store_id': 'bonarea', 'quantity': '16 u.'}
[2025-05-24 20:08:09] Supabase Response: data=[{'name': 'Càpsules Nescafé Dolce Gusto espresso intens', 'price': 4.25, 'category': 'drinks', 'store_id': 'bonarea', 'quantity': '16 u.', 'id': '3d382eec-0494-4afb-96de-e4b633d2b075', 'created_at': '2025-05-24T17:08:08.127281'}] count=None
[2025-05-24 20:08:09] ✅ Successfully inserted: Càpsules Nescafé Dolce Gusto espresso intens
[2025-05-24 20:08:09] Attempting to insert product: {'name': 'Salmó adults', 'price': 13.8, 'category': 'drinks', 'store_id': 'bonarea', 'quantity': '10 kg'}
[2025-05-24 20:08:09] Supabase Response: data=[{'name': 'Salmó adults', 'price': 13.8, 'category': 'drinks', 'store_id': 'bonarea', 'quantity': '10 kg', 'id': 'a28c404a-e512-4265-90b1-d4ccc68bc286', 'created_at': '2025-05-24T17:08:08.392762'}] count=None
[2025-05-24 20:08:09] ✅ Successfully inserted: Salmó adults
[2025-05-24 20:08:09] Attempting to insert product: {'name': 'Salmó adults', 'price': 4.44, 'category': 'drinks', 'store_id': 'bonarea', 'quantity': '3 kg'}
[2025-05-24 20:08:09] Supabase Response: data=[{'name': 'Salmó adults', 'price': 4.44, 'category': 'drinks', 'store_id': 'bonarea', 'quantity': '3 kg', 'id': 'd074c4ba-013f-4e19-8cd3-83165fb34412', 'created_at': '2025-05-24T17:08:08.642107'}] count=None
[2025-05-24 20:08:09] ✅ Successfully inserted: Salmó adults
[2025-05-24 20:08:09] Attempting to insert product: {'name': 'Original adults', 'price': 13.6, 'category': 'drinks', 'store_id': 'bonarea', 'quantity': '10 kg'}
[2025-05-24 20:08:10] Supabase Response: data=[{'name': 'Original adults', 'price': 13.6, 'category': 'drinks', 'store_id': 'bonarea', 'quantity': '10 kg', 'id': '99559436-2c11-4c57-9bd5-300881115cb5', 'created_at': '2025-05-24T17:08:08.926461'}] count=None
[2025-05-24 20:08:10] ✅ Successfully inserted: Original adults
[2025-05-24 20:08:10] Attempting to insert product: {'name': 'Original adults', 'price': 4.38, 'category': 'drinks', 'store_id': 'bonarea', 'quantity': '3 kg'}
[2025-05-24 20:08:10] Supabase Response: data=[{'name': 'Original adults', 'price': 4.38, 'category': 'drinks', 'store_id': 'bonarea', 'quantity': '3 kg', 'id': '04577971-edb0-4df8-84a9-eee041d784ea', 'created_at': '2025-05-24T17:08:09.250806'}] count=None
[2025-05-24 20:08:10] ✅ Successfully inserted: Original adults
[2025-05-24 20:08:10] Attempting to insert product: {'name': 'Junior 2-12 mesos', 'price': 15.9, 'category': 'drinks', 'store_id': 'bonarea', 'quantity': '10 kg'}
[2025-05-24 20:08:10] Supabase Response: data=[{'name': 'Junior 2-12 mesos', 'price': 15.9, 'category': 'drinks', 'store_id': 'bonarea', 'quantity': '10 kg', 'id': '49dd758a-4af5-4a0b-a4cb-68e5721f7bd3', 'created_at': '2025-05-24T17:08:09.550014'}] count=None
[2025-05-24 20:08:10] ✅ Successfully inserted: Junior 2-12 mesos
[2025-05-24 20:08:10] Attempting to insert product: {'name': 'Junior 2-12 mesos', 'price': 5.07, 'category': 'drinks', 'store_id': 'bonarea', 'quantity': '3 kg'}
[2025-05-24 20:08:11] Supabase Response: data=[{'name': 'Junior 2-12 mesos', 'price': 5.07, 'category': 'drinks', 'store_id': 'bonarea', 'quantity': '3 kg', 'id': '8737b9a2-9210-42aa-b209-3095f1333ac3', 'created_at': '2025-05-24T17:08:09.846727'}] count=None
[2025-05-24 20:08:11] ✅ Successfully inserted: Junior 2-12 mesos
[2025-05-24 20:08:11] Attempting to insert product: {'name': 'Pit de pollastre groc sencer', 'price': 4.54, 'category': 'drinks', 'store_id': 'bonarea', 'quantity': 'aprox. 693 g'}
[2025-05-24 20:08:11] Supabase Response: data=[{'name': 'Pit de pollastre groc sencer', 'price': 4.54, 'category': 'drinks', 'store_id': 'bonarea', 'quantity': 'aprox. 693 g', 'id': '79aaa43e-7491-4e09-9225-e8e413d626e5', 'created_at': '2025-05-24T17:08:10.171899'}] count=None
[2025-05-24 20:08:11] ✅ Successfully inserted: Pit de pollastre groc sencer
[2025-05-24 20:08:11] Attempting to insert product: {'name': 'Pernilets de pollastre groc', 'price': 3.64, 'category': 'drinks', 'store_id': 'bonarea', 'quantity': 'aprox. 1,0 kg'}
[2025-05-24 20:08:11] Supabase Response: data=[{'name': 'Pernilets de pollastre groc', 'price': 3.64, 'category': 'drinks', 'store_id': 'bonarea', 'quantity': 'aprox. 1,0 kg', 'id': '4e0eac55-d256-436e-89c4-daf2c9f2cf07', 'created_at': '2025-05-24T17:08:10.474402'}] count=None
[2025-05-24 20:08:11] ✅ Successfully inserted: Pernilets de pollastre groc
[2025-05-24 20:08:11] Attempting to insert product: {'name': 'Pit de pollastre blanc sencer', 'price': 4.68, 'category': 'drinks', 'store_id': 'bonarea', 'quantity': 'aprox. 715 g'}
[2025-05-24 20:08:11] Supabase Response: data=[{'name': 'Pit de pollastre blanc sencer', 'price': 4.68, 'category': 'drinks', 'store_id': 'bonarea', 'quantity': 'aprox. 715 g', 'id': '376cd311-451b-4182-94ed-f1a54070f598', 'created_at': '2025-05-24T17:08:10.771043'}] count=None
[2025-05-24 20:08:11] ✅ Successfully inserted: Pit de pollastre blanc sencer
[2025-05-24 20:08:11] Attempting to insert product: {'name': 'Pernilets de pollastre blanc', 'price': 3.8, 'category': 'drinks', 'store_id': 'bonarea', 'quantity': 'aprox. 1,1 kg'}
[2025-05-24 20:08:12] Supabase Response: data=[{'name': 'Pernilets de pollastre blanc', 'price': 3.8, 'category': 'drinks', 'store_id': 'bonarea', 'quantity': 'aprox. 1,1 kg', 'id': 'aa4439c6-1152-4401-b0cf-9e1e041f7abb', 'created_at': '2025-05-24T17:08:11.042378'}] count=None
[2025-05-24 20:08:12] ✅ Successfully inserted: Pernilets de pollastre blanc
[2025-05-24 20:08:12] Attempting to insert product: {'name': 'Pit de pollastre groc filetejat', 'price': 4.69, 'category': 'drinks', 'store_id': 'bonarea', 'quantity': 'aprox. 660 g'}
[2025-05-24 20:08:12] Supabase Response: data=[{'name': 'Pit de pollastre groc filetejat', 'price': 4.69, 'category': 'drinks', 'store_id': 'bonarea', 'quantity': 'aprox. 660 g', 'id': 'e1fcafd2-b838-4d4e-9f1d-4619894660f3', 'created_at': '2025-05-24T17:08:11.304459'}] count=None
[2025-05-24 20:08:12] ✅ Successfully inserted: Pit de pollastre groc filetejat
[2025-05-24 20:08:12] Attempting to insert product: {'name': 'Pit de pollastre sencer 65% cereals', 'price': 4.57, 'category': 'drinks', 'store_id': 'bonarea', 'quantity': 'aprox. 605 g'}
[2025-05-24 20:08:12] Supabase Response: data=[{'name': 'Pit de pollastre sencer 65% cereals', 'price': 4.57, 'category': 'drinks', 'store_id': 'bonarea', 'quantity': 'aprox. 605 g', 'id': '33e6987c-248e-418f-a9bf-c70ca338416a', 'created_at': '2025-05-24T17:08:11.594333'}] count=None
[2025-05-24 20:08:12] ✅ Successfully inserted: Pit de pollastre sencer 65% cereals
[2025-05-24 20:08:16] Attempting to insert product: {'name': 'Gaspatxo', 'price': 2.85, 'category': 'drinks', 'store_id': 'bonarea', 'quantity': '1 l'}
[2025-05-24 20:08:16] Supabase Response: data=[{'name': 'Gaspatxo', 'price': 2.85, 'category': 'drinks', 'store_id': 'bonarea', 'quantity': '1 l', 'id': 'd321e4d6-838a-4242-b9ea-cf0cf82c1706', 'created_at': '2025-05-24T17:08:15.655632'}] count=None
[2025-05-24 20:08:16] ✅ Successfully inserted: Gaspatxo
[2025-05-24 20:08:16] Attempting to insert product: {'name': 'Salmorejo', 'price': 3.15, 'category': 'drinks', 'store_id': 'bonarea', 'quantity': '1 l'}
[2025-05-24 20:08:17] Supabase Response: data=[{'name': 'Salmorejo', 'price': 3.15, 'category': 'drinks', 'store_id': 'bonarea', 'quantity': '1 l', 'id': 'f86b56b7-e0ff-49f3-b679-e5a522ad0f63', 'created_at': '2025-05-24T17:08:15.903324'}] count=None
[2025-05-24 20:08:17] ✅ Successfully inserted: Salmorejo
[2025-05-24 20:08:17] Attempting to insert product: {'name': 'Gaspatxo bric', 'price': 1.95, 'category': 'drinks', 'store_id': 'bonarea', 'quantity': '1 l'}
[2025-05-24 20:08:17] Supabase Response: data=[{'name': 'Gaspatxo bric', 'price': 1.95, 'category': 'drinks', 'store_id': 'bonarea', 'quantity': '1 l', 'id': '9fd320fc-a116-4a97-90c0-f8d68e5e66ec', 'created_at': '2025-05-24T17:08:16.167529'}] count=None
[2025-05-24 20:08:17] ✅ Successfully inserted: Gaspatxo bric
[2025-05-24 20:08:17] Attempting to insert product: {'name': 'Salmorejo bric', 'price': 2.3, 'category': 'drinks', 'store_id': 'bonarea', 'quantity': '1 l'}
[2025-05-24 20:08:17] Supabase Response: data=[{'name': 'Salmorejo bric', 'price': 2.3, 'category': 'drinks', 'store_id': 'bonarea', 'quantity': '1 l', 'id': '27fcabde-4431-4ba3-95c4-1d5799668852', 'created_at': '2025-05-24T17:08:16.431521'}] count=None
[2025-05-24 20:08:17] ✅ Successfully inserted: Salmorejo bric
[2025-05-24 20:08:17] Attempting to insert product: {'name': 'Gaspatxo estil andalús', 'price': 1.1, 'category': 'drinks', 'store_id': 'bonarea', 'quantity': '300 g'}
[2025-05-24 20:08:17] Supabase Response: data=[{'name': 'Gaspatxo estil andalús', 'price': 1.1, 'category': 'drinks', 'store_id': 'bonarea', 'quantity': '300 g', 'id': '56724772-00f6-4397-b596-8e17474ec5b1', 'created_at': '2025-05-24T17:08:16.689481'}] count=None
[2025-05-24 20:08:17] ✅ Successfully inserted: Gaspatxo estil andalús
[2025-05-24 20:08:17] Attempting to insert product: {'name': 'Gaspatxo de maduixa', 'price': 1.25, 'category': 'drinks', 'store_id': 'bonarea', 'quantity': '300 g'}
[2025-05-24 20:08:18] Supabase Response: data=[{'name': 'Gaspatxo de maduixa', 'price': 1.25, 'category': 'drinks', 'store_id': 'bonarea', 'quantity': '300 g', 'id': '58fa938c-b86f-4288-983d-1750455e240d', 'created_at': '2025-05-24T17:08:16.982917'}] count=None
[2025-05-24 20:08:18] ✅ Successfully inserted: Gaspatxo de maduixa
[2025-05-24 20:08:18] Attempting to insert product: {'name': 'Hummus', 'price': 0.94, 'category': 'drinks', 'store_id': 'bonarea', 'quantity': '200 g'}
[2025-05-24 20:08:18] Supabase Response: data=[{'name': 'Hummus', 'price': 0.94, 'category': 'drinks', 'store_id': 'bonarea', 'quantity': '200 g', 'id': 'bc137aa0-4d53-4f06-8f6a-26e06d14472c', 'created_at': '2025-05-24T17:08:17.257097'}] count=None
[2025-05-24 20:08:18] ✅ Successfully inserted: Hummus
[2025-05-24 20:08:18] Attempting to insert product: {'name': 'Cap de llom filetejat a la planxa', 'price': 2.4, 'category': 'drinks', 'store_id': 'bonarea', 'quantity': 'aprox. 198 g'}
[2025-05-24 20:08:18] Supabase Response: data=[{'name': 'Cap de llom filetejat a la planxa', 'price': 2.4, 'category': 'drinks', 'store_id': 'bonarea', 'quantity': 'aprox. 198 g', 'id': '0c704e5b-7aa3-4089-829e-6c6f12c9177a', 'created_at': '2025-05-24T17:08:17.6347'}] count=None
[2025-05-24 20:08:18] ✅ Successfully inserted: Cap de llom filetejat a la planxa
[2025-05-24 20:08:18] Attempting to insert product: {'name': "Conill d'espatlla d'anoll", 'price': 16.91, 'category': 'drinks', 'store_id': 'bonarea', 'quantity': 'aprox. 1,6 kg'}
[2025-05-24 20:08:19] Supabase Response: data=[{'name': "Conill d'espatlla d'anoll", 'price': 16.91, 'category': 'drinks', 'store_id': 'bonarea', 'quantity': 'aprox. 1,6 kg', 'id': 'ec575492-7a72-4724-85be-92ecc0ceab0e', 'created_at': '2025-05-24T17:08:17.890275'}] count=None
[2025-05-24 20:08:19] ✅ Successfully inserted: Conill d'espatlla d'anoll
[2025-05-24 20:08:19] Attempting to insert product: {'name': "Jarret d'anoll", 'price': 22.76, 'category': 'drinks', 'store_id': 'bonarea', 'quantity': 'aprox. 2,0 kg'}
[2025-05-24 20:08:19] Supabase Response: data=[{'name': "Jarret d'anoll", 'price': 22.76, 'category': 'drinks', 'store_id': 'bonarea', 'quantity': 'aprox. 2,0 kg', 'id': '56938f8c-cb18-449f-952d-0d6c85d83584', 'created_at': '2025-05-24T17:08:18.246894'}] count=None
[2025-05-24 20:08:19] ✅ Successfully inserted: Jarret d'anoll
[2025-05-24 20:08:19] Attempting to insert product: {'name': 'Mixt de bull negre i donegal', 'price': 1.1, 'category': 'drinks', 'store_id': 'bonarea', 'quantity': 'aprox. 143 g'}
[2025-05-24 20:08:19] Supabase Response: data=[{'name': 'Mixt de bull negre i donegal', 'price': 1.1, 'category': 'drinks', 'store_id': 'bonarea', 'quantity': 'aprox. 143 g', 'id': '146a2cfc-5291-4d03-b8ec-24566e5643b2', 'created_at': '2025-05-24T17:08:18.557093'}] count=None
[2025-05-24 20:08:19] ✅ Successfully inserted: Mixt de bull negre i donegal
[2025-05-24 20:08:19] Attempting to insert product: {'name': 'Càpsules Nescafé Dolce Gusto espresso intens', 'price': 4.25, 'category': 'drinks', 'store_id': 'bonarea', 'quantity': '16 u.'}
[2025-05-24 20:08:20] Supabase Response: data=[{'name': 'Càpsules Nescafé Dolce Gusto espresso intens', 'price': 4.25, 'category': 'drinks', 'store_id': 'bonarea', 'quantity': '16 u.', 'id': '71a99a4d-28d5-49a1-9038-71a063655d9c', 'created_at': '2025-05-24T17:08:18.938702'}] count=None
[2025-05-24 20:08:20] ✅ Successfully inserted: Càpsules Nescafé Dolce Gusto espresso intens
[2025-05-24 20:08:20] Attempting to insert product: {'name': 'Salmó adults', 'price': 13.8, 'category': 'drinks', 'store_id': 'bonarea', 'quantity': '10 kg'}
[2025-05-24 20:08:20] Supabase Response: data=[{'name': 'Salmó adults', 'price': 13.8, 'category': 'drinks', 'store_id': 'bonarea', 'quantity': '10 kg', 'id': '7f41a3a9-332f-4ed4-bd86-b9cfbaab1c20', 'created_at': '2025-05-24T17:08:19.276429'}] count=None
[2025-05-24 20:08:20] ✅ Successfully inserted: Salmó adults
[2025-05-24 20:08:20] Attempting to insert product: {'name': 'Salmó adults', 'price': 4.44, 'category': 'drinks', 'store_id': 'bonarea', 'quantity': '3 kg'}
[2025-05-24 20:08:20] Supabase Response: data=[{'name': 'Salmó adults', 'price': 4.44, 'category': 'drinks', 'store_id': 'bonarea', 'quantity': '3 kg', 'id': '571df361-c8d3-4bce-a69a-6c309f396b22', 'created_at': '2025-05-24T17:08:19.575564'}] count=None
[2025-05-24 20:08:20] ✅ Successfully inserted: Salmó adults
[2025-05-24 20:08:20] Attempting to insert product: {'name': 'Original adults', 'price': 13.6, 'category': 'drinks', 'store_id': 'bonarea', 'quantity': '10 kg'}
[2025-05-24 20:08:21] Supabase Response: data=[{'name': 'Original adults', 'price': 13.6, 'category': 'drinks', 'store_id': 'bonarea', 'quantity': '10 kg', 'id': 'f2a114d1-5837-4a5f-8b8d-7ae5af979670', 'created_at': '2025-05-24T17:08:19.876906'}] count=None
[2025-05-24 20:08:21] ✅ Successfully inserted: Original adults
[2025-05-24 20:08:21] Attempting to insert product: {'name': 'Original adults', 'price': 4.38, 'category': 'drinks', 'store_id': 'bonarea', 'quantity': '3 kg'}
[2025-05-24 20:08:21] Supabase Response: data=[{'name': 'Original adults', 'price': 4.38, 'category': 'drinks', 'store_id': 'bonarea', 'quantity': '3 kg', 'id': '503f64fc-5ea3-4547-9694-87b882935809', 'created_at': '2025-05-24T17:08:20.192795'}] count=None
[2025-05-24 20:08:21] ✅ Successfully inserted: Original adults
[2025-05-24 20:08:21] Attempting to insert product: {'name': 'Junior 2-12 mesos', 'price': 15.9, 'category': 'drinks', 'store_id': 'bonarea', 'quantity': '10 kg'}
[2025-05-24 20:08:21] Supabase Response: data=[{'name': 'Junior 2-12 mesos', 'price': 15.9, 'category': 'drinks', 'store_id': 'bonarea', 'quantity': '10 kg', 'id': 'aa9673cf-ada3-44d2-89ce-af3104c3e571', 'created_at': '2025-05-24T17:08:20.497332'}] count=None
[2025-05-24 20:08:21] ✅ Successfully inserted: Junior 2-12 mesos
[2025-05-24 20:08:21] Attempting to insert product: {'name': 'Junior 2-12 mesos', 'price': 5.07, 'category': 'drinks', 'store_id': 'bonarea', 'quantity': '3 kg'}
[2025-05-24 20:08:22] Supabase Response: data=[{'name': 'Junior 2-12 mesos', 'price': 5.07, 'category': 'drinks', 'store_id': 'bonarea', 'quantity': '3 kg', 'id': 'db8eb7c7-2de4-43c4-9c0f-75bb498ba7ee', 'created_at': '2025-05-24T17:08:20.814151'}] count=None
[2025-05-24 20:08:22] ✅ Successfully inserted: Junior 2-12 mesos
[2025-05-24 20:08:22] Attempting to insert product: {'name': 'Pit de pollastre groc sencer', 'price': 4.54, 'category': 'drinks', 'store_id': 'bonarea', 'quantity': 'aprox. 693 g'}
[2025-05-24 20:08:22] Supabase Response: data=[{'name': 'Pit de pollastre groc sencer', 'price': 4.54, 'category': 'drinks', 'store_id': 'bonarea', 'quantity': 'aprox. 693 g', 'id': 'dbdfa59c-6244-4095-bd40-65b2e717abfa', 'created_at': '2025-05-24T17:08:21.113071'}] count=None
[2025-05-24 20:08:22] ✅ Successfully inserted: Pit de pollastre groc sencer
[2025-05-24 20:08:22] Attempting to insert product: {'name': 'Pernilets de pollastre groc', 'price': 3.64, 'category': 'drinks', 'store_id': 'bonarea', 'quantity': 'aprox. 1,0 kg'}
[2025-05-24 20:08:22] Supabase Response: data=[{'name': 'Pernilets de pollastre groc', 'price': 3.64, 'category': 'drinks', 'store_id': 'bonarea', 'quantity': 'aprox. 1,0 kg', 'id': '416ca3ac-4a66-42c6-b60e-c1e81f0ee12b', 'created_at': '2025-05-24T17:08:21.418609'}] count=None
[2025-05-24 20:08:22] ✅ Successfully inserted: Pernilets de pollastre groc
[2025-05-24 20:08:22] Attempting to insert product: {'name': 'Pit de pollastre blanc sencer', 'price': 4.68, 'category': 'drinks', 'store_id': 'bonarea', 'quantity': 'aprox. 715 g'}
[2025-05-24 20:08:22] Supabase Response: data=[{'name': 'Pit de pollastre blanc sencer', 'price': 4.68, 'category': 'drinks', 'store_id': 'bonarea', 'quantity': 'aprox. 715 g', 'id': '94d6ccdd-69f0-42e3-b1f4-fefa214ad6b3', 'created_at': '2025-05-24T17:08:21.725649'}] count=None
[2025-05-24 20:08:22] ✅ Successfully inserted: Pit de pollastre blanc sencer
[2025-05-24 20:08:22] Attempting to insert product: {'name': 'Pernilets de pollastre blanc', 'price': 3.8, 'category': 'drinks', 'store_id': 'bonarea', 'quantity': 'aprox. 1,1 kg'}
[2025-05-24 20:08:23] Supabase Response: data=[{'name': 'Pernilets de pollastre blanc', 'price': 3.8, 'category': 'drinks', 'store_id': 'bonarea', 'quantity': 'aprox. 1,1 kg', 'id': 'eda6c159-a107-42bd-996c-9bb703fe45db', 'created_at': '2025-05-24T17:08:21.986046'}] count=None
[2025-05-24 20:08:23] ✅ Successfully inserted: Pernilets de pollastre blanc
[2025-05-24 20:08:23] Attempting to insert product: {'name': 'Pit de pollastre groc filetejat', 'price': 4.69, 'category': 'drinks', 'store_id': 'bonarea', 'quantity': 'aprox. 660 g'}
[2025-05-24 20:08:23] Supabase Response: data=[{'name': 'Pit de pollastre groc filetejat', 'price': 4.69, 'category': 'drinks', 'store_id': 'bonarea', 'quantity': 'aprox. 660 g', 'id': '6b1db591-bf90-4bb9-b786-c89b3d165390', 'created_at': '2025-05-24T17:08:22.255785'}] count=None
[2025-05-24 20:08:23] ✅ Successfully inserted: Pit de pollastre groc filetejat
[2025-05-24 20:08:23] Attempting to insert product: {'name': 'Pit de pollastre sencer 65% cereals', 'price': 4.57, 'category': 'drinks', 'store_id': 'bonarea', 'quantity': 'aprox. 605 g'}
[2025-05-24 20:08:23] Supabase Response: data=[{'name': 'Pit de pollastre sencer 65% cereals', 'price': 4.57, 'category': 'drinks', 'store_id': 'bonarea', 'quantity': 'aprox. 605 g', 'id': '049ccf77-fefe-47d1-827a-3d7aa49a5388', 'created_at': '2025-05-24T17:08:22.546154'}] count=None
[2025-05-24 20:08:23] ✅ Successfully inserted: Pit de pollastre sencer 65% cereals
[2025-05-24 20:08:27] Attempting to insert product: {'name': 'Gaspatxo', 'price': 2.85, 'category': 'drinks', 'store_id': 'bonarea', 'quantity': '1 l'}
[2025-05-24 20:08:27] Supabase Response: data=[{'name': 'Gaspatxo', 'price': 2.85, 'category': 'drinks', 'store_id': 'bonarea', 'quantity': '1 l', 'id': '5ea48465-85c2-42bb-b865-40f07042a6d9', 'created_at': '2025-05-24T17:08:26.520376'}] count=None
[2025-05-24 20:08:27] ✅ Successfully inserted: Gaspatxo
[2025-05-24 20:08:27] Attempting to insert product: {'name': 'Salmorejo', 'price': 3.15, 'category': 'drinks', 'store_id': 'bonarea', 'quantity': '1 l'}
[2025-05-24 20:08:28] Supabase Response: data=[{'name': 'Salmorejo', 'price': 3.15, 'category': 'drinks', 'store_id': 'bonarea', 'quantity': '1 l', 'id': '185f5da3-f894-462c-a0d7-572da8373d20', 'created_at': '2025-05-24T17:08:26.869633'}] count=None
[2025-05-24 20:08:28] ✅ Successfully inserted: Salmorejo
[2025-05-24 20:08:28] Attempting to insert product: {'name': 'Gaspatxo bric', 'price': 1.95, 'category': 'drinks', 'store_id': 'bonarea', 'quantity': '1 l'}
[2025-05-24 20:08:28] Supabase Response: data=[{'name': 'Gaspatxo bric', 'price': 1.95, 'category': 'drinks', 'store_id': 'bonarea', 'quantity': '1 l', 'id': '2d79f65e-ce56-46c1-8fae-e1a70c7d4792', 'created_at': '2025-05-24T17:08:27.168075'}] count=None
[2025-05-24 20:08:28] ✅ Successfully inserted: Gaspatxo bric
[2025-05-24 20:08:28] Attempting to insert product: {'name': 'Salmorejo bric', 'price': 2.3, 'category': 'drinks', 'store_id': 'bonarea', 'quantity': '1 l'}
[2025-05-24 20:08:28] Supabase Response: data=[{'name': 'Salmorejo bric', 'price': 2.3, 'category': 'drinks', 'store_id': 'bonarea', 'quantity': '1 l', 'id': '032951ed-814a-4b83-9d69-1f372c4e4252', 'created_at': '2025-05-24T17:08:27.483335'}] count=None
[2025-05-24 20:08:28] ✅ Successfully inserted: Salmorejo bric
[2025-05-24 20:08:28] Attempting to insert product: {'name': 'Gaspatxo estil andalús', 'price': 1.1, 'category': 'drinks', 'store_id': 'bonarea', 'quantity': '300 g'}
[2025-05-24 20:08:28] Supabase Response: data=[{'name': 'Gaspatxo estil andalús', 'price': 1.1, 'category': 'drinks', 'store_id': 'bonarea', 'quantity': '300 g', 'id': '78abe565-bc91-4533-a4f4-f9227b1b5713', 'created_at': '2025-05-24T17:08:27.771796'}] count=None
[2025-05-24 20:08:28] ✅ Successfully inserted: Gaspatxo estil andalús
[2025-05-24 20:08:29] Attempting to insert product: {'name': 'Gaspatxo de maduixa', 'price': 1.25, 'category': 'drinks', 'store_id': 'bonarea', 'quantity': '300 g'}
[2025-05-24 20:08:29] Supabase Response: data=[{'name': 'Gaspatxo de maduixa', 'price': 1.25, 'category': 'drinks', 'store_id': 'bonarea', 'quantity': '300 g', 'id': '3dd1ae6c-8345-4bf1-996b-df6f6080a978', 'created_at': '2025-05-24T17:08:28.09068'}] count=None
[2025-05-24 20:08:29] ✅ Successfully inserted: Gaspatxo de maduixa
[2025-05-24 20:08:29] Attempting to insert product: {'name': 'Hummus', 'price': 0.94, 'category': 'drinks', 'store_id': 'bonarea', 'quantity': '200 g'}
[2025-05-24 20:08:29] Supabase Response: data=[{'name': 'Hummus', 'price': 0.94, 'category': 'drinks', 'store_id': 'bonarea', 'quantity': '200 g', 'id': 'd879620e-bfc1-430a-ba45-d305acb3ab1a', 'created_at': '2025-05-24T17:08:28.401039'}] count=None
[2025-05-24 20:08:29] ✅ Successfully inserted: Hummus
[2025-05-24 20:08:29] Attempting to insert product: {'name': 'Cap de llom filetejat a la planxa', 'price': 2.4, 'category': 'drinks', 'store_id': 'bonarea', 'quantity': 'aprox. 198 g'}
[2025-05-24 20:08:29] Supabase Response: data=[{'name': 'Cap de llom filetejat a la planxa', 'price': 2.4, 'category': 'drinks', 'store_id': 'bonarea', 'quantity': 'aprox. 198 g', 'id': '96f7e3f0-db16-407c-a577-1518c4cf0d93', 'created_at': '2025-05-24T17:08:28.691741'}] count=None
[2025-05-24 20:08:29] ✅ Successfully inserted: Cap de llom filetejat a la planxa
[2025-05-24 20:08:29] Attempting to insert product: {'name': "Conill d'espatlla d'anoll", 'price': 16.91, 'category': 'drinks', 'store_id': 'bonarea', 'quantity': 'aprox. 1,6 kg'}
[2025-05-24 20:08:30] Supabase Response: data=[{'name': "Conill d'espatlla d'anoll", 'price': 16.91, 'category': 'drinks', 'store_id': 'bonarea', 'quantity': 'aprox. 1,6 kg', 'id': '1e407a3c-fedb-4e81-ae25-53d98f62a634', 'created_at': '2025-05-24T17:08:29.011384'}] count=None
[2025-05-24 20:08:30] ✅ Successfully inserted: Conill d'espatlla d'anoll
[2025-05-24 20:08:30] Attempting to insert product: {'name': "Jarret d'anoll", 'price': 22.76, 'category': 'drinks', 'store_id': 'bonarea', 'quantity': 'aprox. 2,0 kg'}
[2025-05-24 20:08:30] Supabase Response: data=[{'name': "Jarret d'anoll", 'price': 22.76, 'category': 'drinks', 'store_id': 'bonarea', 'quantity': 'aprox. 2,0 kg', 'id': '884ca81e-4390-4742-ad65-d3966a282050', 'created_at': '2025-05-24T17:08:29.300008'}] count=None
[2025-05-24 20:08:30] ✅ Successfully inserted: Jarret d'anoll
[2025-05-24 20:08:30] Attempting to insert product: {'name': 'Mixt de bull negre i donegal', 'price': 1.1, 'category': 'drinks', 'store_id': 'bonarea', 'quantity': 'aprox. 143 g'}
[2025-05-24 20:08:30] Supabase Response: data=[{'name': 'Mixt de bull negre i donegal', 'price': 1.1, 'category': 'drinks', 'store_id': 'bonarea', 'quantity': 'aprox. 143 g', 'id': 'ae30731d-c1be-401a-9a9d-b682a9392346', 'created_at': '2025-05-24T17:08:29.545442'}] count=None
[2025-05-24 20:08:30] ✅ Successfully inserted: Mixt de bull negre i donegal
[2025-05-24 20:08:30] Attempting to insert product: {'name': 'Càpsules Nescafé Dolce Gusto espresso intens', 'price': 4.25, 'category': 'drinks', 'store_id': 'bonarea', 'quantity': '16 u.'}
[2025-05-24 20:08:31] Supabase Response: data=[{'name': 'Càpsules Nescafé Dolce Gusto espresso intens', 'price': 4.25, 'category': 'drinks', 'store_id': 'bonarea', 'quantity': '16 u.', 'id': '0cf9d160-b9b2-4f6f-aecf-243e3462530c', 'created_at': '2025-05-24T17:08:29.897744'}] count=None
[2025-05-24 20:08:31] ✅ Successfully inserted: Càpsules Nescafé Dolce Gusto espresso intens
[2025-05-24 20:08:31] Attempting to insert product: {'name': 'Salmó adults', 'price': 13.8, 'category': 'drinks', 'store_id': 'bonarea', 'quantity': '10 kg'}
[2025-05-24 20:08:31] Supabase Response: data=[{'name': 'Salmó adults', 'price': 13.8, 'category': 'drinks', 'store_id': 'bonarea', 'quantity': '10 kg', 'id': '00be6b5b-b83c-4140-9ba5-a9d9146c99ef', 'created_at': '2025-05-24T17:08:30.150164'}] count=None
[2025-05-24 20:08:31] ✅ Successfully inserted: Salmó adults
[2025-05-24 20:08:31] Attempting to insert product: {'name': 'Salmó adults', 'price': 4.44, 'category': 'drinks', 'store_id': 'bonarea', 'quantity': '3 kg'}
[2025-05-24 20:08:31] Supabase Response: data=[{'name': 'Salmó adults', 'price': 4.44, 'category': 'drinks', 'store_id': 'bonarea', 'quantity': '3 kg', 'id': '686136e7-232e-4fea-b01a-4fbb438d5a3b', 'created_at': '2025-05-24T17:08:30.394918'}] count=None
[2025-05-24 20:08:31] ✅ Successfully inserted: Salmó adults
[2025-05-24 20:08:31] Attempting to insert product: {'name': 'Original adults', 'price': 13.6, 'category': 'drinks', 'store_id': 'bonarea', 'quantity': '10 kg'}
[2025-05-24 20:08:31] Supabase Response: data=[{'name': 'Original adults', 'price': 13.6, 'category': 'drinks', 'store_id': 'bonarea', 'quantity': '10 kg', 'id': '1ab0eec3-b884-4704-801a-a7e05a28f7fd', 'created_at': '2025-05-24T17:08:30.723925'}] count=None
[2025-05-24 20:08:31] ✅ Successfully inserted: Original adults
[2025-05-24 20:08:31] Attempting to insert product: {'name': 'Original adults', 'price': 4.38, 'category': 'drinks', 'store_id': 'bonarea', 'quantity': '3 kg'}
[2025-05-24 20:08:32] Supabase Response: data=[{'name': 'Original adults', 'price': 4.38, 'category': 'drinks', 'store_id': 'bonarea', 'quantity': '3 kg', 'id': '4af86735-392d-4c5c-9103-6f22e13ed2a6', 'created_at': '2025-05-24T17:08:31.020475'}] count=None
[2025-05-24 20:08:32] ✅ Successfully inserted: Original adults
[2025-05-24 20:08:32] Attempting to insert product: {'name': 'Junior 2-12 mesos', 'price': 15.9, 'category': 'drinks', 'store_id': 'bonarea', 'quantity': '10 kg'}
[2025-05-24 20:08:32] Supabase Response: data=[{'name': 'Junior 2-12 mesos', 'price': 15.9, 'category': 'drinks', 'store_id': 'bonarea', 'quantity': '10 kg', 'id': '3b01e3e5-ad2d-4b30-b1ff-57c00e5821c8', 'created_at': '2025-05-24T17:08:31.278414'}] count=None
[2025-05-24 20:08:32] ✅ Successfully inserted: Junior 2-12 mesos
[2025-05-24 20:08:32] Attempting to insert product: {'name': 'Junior 2-12 mesos', 'price': 5.07, 'category': 'drinks', 'store_id': 'bonarea', 'quantity': '3 kg'}
[2025-05-24 20:08:32] Supabase Response: data=[{'name': 'Junior 2-12 mesos', 'price': 5.07, 'category': 'drinks', 'store_id': 'bonarea', 'quantity': '3 kg', 'id': '15eaf980-a231-4f78-b449-2bc166d3a27c', 'created_at': '2025-05-24T17:08:31.523072'}] count=None
[2025-05-24 20:08:32] ✅ Successfully inserted: Junior 2-12 mesos
[2025-05-24 20:08:32] Attempting to insert product: {'name': 'Pit de pollastre groc sencer', 'price': 4.54, 'category': 'drinks', 'store_id': 'bonarea', 'quantity': 'aprox. 693 g'}
[2025-05-24 20:08:32] Supabase Response: data=[{'name': 'Pit de pollastre groc sencer', 'price': 4.54, 'category': 'drinks', 'store_id': 'bonarea', 'quantity': 'aprox. 693 g', 'id': '5597b90c-7bb0-4bd3-84c4-fc568475d198', 'created_at': '2025-05-24T17:08:31.788589'}] count=None
[2025-05-24 20:08:32] ✅ Successfully inserted: Pit de pollastre groc sencer
[2025-05-24 20:08:33] Attempting to insert product: {'name': 'Pernilets de pollastre groc', 'price': 3.64, 'category': 'drinks', 'store_id': 'bonarea', 'quantity': 'aprox. 1,0 kg'}
[2025-05-24 20:08:33] Supabase Response: data=[{'name': 'Pernilets de pollastre groc', 'price': 3.64, 'category': 'drinks', 'store_id': 'bonarea', 'quantity': 'aprox. 1,0 kg', 'id': '0f1485d1-f0ee-4432-bf00-8d0709d091d3', 'created_at': '2025-05-24T17:08:32.219109'}] count=None
[2025-05-24 20:08:33] ✅ Successfully inserted: Pernilets de pollastre groc
[2025-05-24 20:08:33] Attempting to insert product: {'name': 'Pit de pollastre blanc sencer', 'price': 4.68, 'category': 'drinks', 'store_id': 'bonarea', 'quantity': 'aprox. 715 g'}
[2025-05-24 20:08:33] Supabase Response: data=[{'name': 'Pit de pollastre blanc sencer', 'price': 4.68, 'category': 'drinks', 'store_id': 'bonarea', 'quantity': 'aprox. 715 g', 'id': 'c92ea888-566c-4ef1-a6d2-f44c3edbcfe3', 'created_at': '2025-05-24T17:08:32.475369'}] count=None
[2025-05-24 20:08:33] ✅ Successfully inserted: Pit de pollastre blanc sencer
[2025-05-24 20:08:33] Attempting to insert product: {'name': 'Pernilets de pollastre blanc', 'price': 3.8, 'category': 'drinks', 'store_id': 'bonarea', 'quantity': 'aprox. 1,1 kg'}
[2025-05-24 20:08:33] Supabase Response: data=[{'name': 'Pernilets de pollastre blanc', 'price': 3.8, 'category': 'drinks', 'store_id': 'bonarea', 'quantity': 'aprox. 1,1 kg', 'id': 'e60414f8-f1b5-434b-8446-8e5bbd93cdad', 'created_at': '2025-05-24T17:08:32.723991'}] count=None
[2025-05-24 20:08:33] ✅ Successfully inserted: Pernilets de pollastre blanc
[2025-05-24 20:08:33] Attempting to insert product: {'name': 'Pit de pollastre groc filetejat', 'price': 4.69, 'category': 'drinks', 'store_id': 'bonarea', 'quantity': 'aprox. 660 g'}
[2025-05-24 20:08:34] Supabase Response: data=[{'name': 'Pit de pollastre groc filetejat', 'price': 4.69, 'category': 'drinks', 'store_id': 'bonarea', 'quantity': 'aprox. 660 g', 'id': '4244b386-8667-4b3e-b5f9-38b8c1e70fb2', 'created_at': '2025-05-24T17:08:33.011135'}] count=None
[2025-05-24 20:08:34] ✅ Successfully inserted: Pit de pollastre groc filetejat
[2025-05-24 20:08:34] Attempting to insert product: {'name': 'Pit de pollastre sencer 65% cereals', 'price': 4.57, 'category': 'drinks', 'store_id': 'bonarea', 'quantity': 'aprox. 605 g'}
[2025-05-24 20:08:34] Supabase Response: data=[{'name': 'Pit de pollastre sencer 65% cereals', 'price': 4.57, 'category': 'drinks', 'store_id': 'bonarea', 'quantity': 'aprox. 605 g', 'id': 'a2eb0072-1afb-4078-88f5-886ff878b21e', 'created_at': '2025-05-24T17:08:33.257443'}] count=None
[2025-05-24 20:08:34] ✅ Successfully inserted: Pit de pollastre sencer 65% cereals
[2025-05-24 20:08:38] Attempting to insert product: {'name': 'Gaspatxo', 'price': 2.85, 'category': 'drinks', 'store_id': 'bonarea', 'quantity': '1 l'}
[2025-05-24 20:08:38] Supabase Response: data=[{'name': 'Gaspatxo', 'price': 2.85, 'category': 'drinks', 'store_id': 'bonarea', 'quantity': '1 l', 'id': 'f707cdc5-d6e1-4d19-b1ae-2e863f7f8bd0', 'created_at': '2025-05-24T17:08:37.216037'}] count=None
[2025-05-24 20:08:38] ✅ Successfully inserted: Gaspatxo
[2025-05-24 20:08:38] Attempting to insert product: {'name': 'Salmorejo', 'price': 3.15, 'category': 'drinks', 'store_id': 'bonarea', 'quantity': '1 l'}
[2025-05-24 20:08:38] Supabase Response: data=[{'name': 'Salmorejo', 'price': 3.15, 'category': 'drinks', 'store_id': 'bonarea', 'quantity': '1 l', 'id': 'a363587c-20f8-4618-9641-e09512655b3e', 'created_at': '2025-05-24T17:08:37.491961'}] count=None
[2025-05-24 20:08:38] ✅ Successfully inserted: Salmorejo
[2025-05-24 20:08:38] Attempting to insert product: {'name': 'Gaspatxo bric', 'price': 1.95, 'category': 'drinks', 'store_id': 'bonarea', 'quantity': '1 l'}
[2025-05-24 20:08:39] Supabase Response: data=[{'name': 'Gaspatxo bric', 'price': 1.95, 'category': 'drinks', 'store_id': 'bonarea', 'quantity': '1 l', 'id': '282e1df4-d687-4203-bc7d-18aee6f763db', 'created_at': '2025-05-24T17:08:37.799098'}] count=None
[2025-05-24 20:08:39] ✅ Successfully inserted: Gaspatxo bric
[2025-05-24 20:08:39] Attempting to insert product: {'name': 'Salmorejo bric', 'price': 2.3, 'category': 'drinks', 'store_id': 'bonarea', 'quantity': '1 l'}
[2025-05-24 20:08:39] Supabase Response: data=[{'name': 'Salmorejo bric', 'price': 2.3, 'category': 'drinks', 'store_id': 'bonarea', 'quantity': '1 l', 'id': 'c549a19f-2a31-4820-abb2-457df42aef13', 'created_at': '2025-05-24T17:08:38.119966'}] count=None
[2025-05-24 20:08:39] ✅ Successfully inserted: Salmorejo bric
[2025-05-24 20:08:39] Attempting to insert product: {'name': 'Gaspatxo estil andalús', 'price': 1.1, 'category': 'drinks', 'store_id': 'bonarea', 'quantity': '300 g'}
[2025-05-24 20:08:39] Supabase Response: data=[{'name': 'Gaspatxo estil andalús', 'price': 1.1, 'category': 'drinks', 'store_id': 'bonarea', 'quantity': '300 g', 'id': '628e5d96-7c0b-4fce-9764-5e99220f22fc', 'created_at': '2025-05-24T17:08:38.43137'}] count=None
[2025-05-24 20:08:39] ✅ Successfully inserted: Gaspatxo estil andalús
[2025-05-24 20:08:39] Attempting to insert product: {'name': 'Gaspatxo de maduixa', 'price': 1.25, 'category': 'drinks', 'store_id': 'bonarea', 'quantity': '300 g'}
[2025-05-24 20:08:39] Supabase Response: data=[{'name': 'Gaspatxo de maduixa', 'price': 1.25, 'category': 'drinks', 'store_id': 'bonarea', 'quantity': '300 g', 'id': '24971988-b55e-4240-b2b0-1a102e44ef21', 'created_at': '2025-05-24T17:08:38.741926'}] count=None
[2025-05-24 20:08:39] ✅ Successfully inserted: Gaspatxo de maduixa
[2025-05-24 20:08:39] Attempting to insert product: {'name': 'Hummus', 'price': 0.94, 'category': 'drinks', 'store_id': 'bonarea', 'quantity': '200 g'}
[2025-05-24 20:08:40] Supabase Response: data=[{'name': 'Hummus', 'price': 0.94, 'category': 'drinks', 'store_id': 'bonarea', 'quantity': '200 g', 'id': '18e5fdb6-2126-463d-8a6d-e291801483ff', 'created_at': '2025-05-24T17:08:39.023719'}] count=None
[2025-05-24 20:08:40] ✅ Successfully inserted: Hummus
[2025-05-24 20:08:40] Attempting to insert product: {'name': 'Cap de llom filetejat a la planxa', 'price': 2.4, 'category': 'drinks', 'store_id': 'bonarea', 'quantity': 'aprox. 198 g'}
[2025-05-24 20:08:40] Supabase Response: data=[{'name': 'Cap de llom filetejat a la planxa', 'price': 2.4, 'category': 'drinks', 'store_id': 'bonarea', 'quantity': 'aprox. 198 g', 'id': '77475d44-8c07-4d60-b67e-deade9acb12d', 'created_at': '2025-05-24T17:08:39.31083'}] count=None
[2025-05-24 20:08:40] ✅ Successfully inserted: Cap de llom filetejat a la planxa
[2025-05-24 20:08:40] Attempting to insert product: {'name': "Conill d'espatlla d'anoll", 'price': 16.91, 'category': 'drinks', 'store_id': 'bonarea', 'quantity': 'aprox. 1,6 kg'}
[2025-05-24 20:08:40] Supabase Response: data=[{'name': "Conill d'espatlla d'anoll", 'price': 16.91, 'category': 'drinks', 'store_id': 'bonarea', 'quantity': 'aprox. 1,6 kg', 'id': 'cf1bd3de-8b9e-4ada-9005-28780c4bf0d3', 'created_at': '2025-05-24T17:08:39.636037'}] count=None
[2025-05-24 20:08:40] ✅ Successfully inserted: Conill d'espatlla d'anoll
[2025-05-24 20:08:40] Attempting to insert product: {'name': "Jarret d'anoll", 'price': 22.76, 'category': 'drinks', 'store_id': 'bonarea', 'quantity': 'aprox. 2,0 kg'}
[2025-05-24 20:08:41] Supabase Response: data=[{'name': "Jarret d'anoll", 'price': 22.76, 'category': 'drinks', 'store_id': 'bonarea', 'quantity': 'aprox. 2,0 kg', 'id': '0c869626-9d35-4e04-939c-edc5e5e8e6f8', 'created_at': '2025-05-24T17:08:39.948432'}] count=None
[2025-05-24 20:08:41] ✅ Successfully inserted: Jarret d'anoll
[2025-05-24 20:08:41] Attempting to insert product: {'name': 'Mixt de bull negre i donegal', 'price': 1.1, 'category': 'drinks', 'store_id': 'bonarea', 'quantity': 'aprox. 143 g'}
[2025-05-24 20:08:41] Supabase Response: data=[{'name': 'Mixt de bull negre i donegal', 'price': 1.1, 'category': 'drinks', 'store_id': 'bonarea', 'quantity': 'aprox. 143 g', 'id': 'b80a475f-c415-4745-a73c-6be79547ac3e', 'created_at': '2025-05-24T17:08:40.274234'}] count=None
[2025-05-24 20:08:41] ✅ Successfully inserted: Mixt de bull negre i donegal
[2025-05-24 20:08:41] Attempting to insert product: {'name': 'Càpsules Nescafé Dolce Gusto espresso intens', 'price': 4.25, 'category': 'drinks', 'store_id': 'bonarea', 'quantity': '16 u.'}
[2025-05-24 20:08:41] Supabase Response: data=[{'name': 'Càpsules Nescafé Dolce Gusto espresso intens', 'price': 4.25, 'category': 'drinks', 'store_id': 'bonarea', 'quantity': '16 u.', 'id': 'ec303075-e194-4b49-8280-74d184722cab', 'created_at': '2025-05-24T17:08:40.566338'}] count=None
[2025-05-24 20:08:41] ✅ Successfully inserted: Càpsules Nescafé Dolce Gusto espresso intens
[2025-05-24 20:08:41] Attempting to insert product: {'name': 'Salmó adults', 'price': 13.8, 'category': 'drinks', 'store_id': 'bonarea', 'quantity': '10 kg'}
[2025-05-24 20:08:42] Supabase Response: data=[{'name': 'Salmó adults', 'price': 13.8, 'category': 'drinks', 'store_id': 'bonarea', 'quantity': '10 kg', 'id': '86c78aa2-4d58-4144-b50e-fba46201ad14', 'created_at': '2025-05-24T17:08:40.873981'}] count=None
[2025-05-24 20:08:42] ✅ Successfully inserted: Salmó adults
[2025-05-24 20:08:42] Attempting to insert product: {'name': 'Salmó adults', 'price': 4.44, 'category': 'drinks', 'store_id': 'bonarea', 'quantity': '3 kg'}
[2025-05-24 20:08:42] Supabase Response: data=[{'name': 'Salmó adults', 'price': 4.44, 'category': 'drinks', 'store_id': 'bonarea', 'quantity': '3 kg', 'id': '7a576d58-4458-4e78-911a-d752de211cb5', 'created_at': '2025-05-24T17:08:41.195696'}] count=None
[2025-05-24 20:08:42] ✅ Successfully inserted: Salmó adults
[2025-05-24 20:08:42] Attempting to insert product: {'name': 'Original adults', 'price': 13.6, 'category': 'drinks', 'store_id': 'bonarea', 'quantity': '10 kg'}
[2025-05-24 20:08:42] Supabase Response: data=[{'name': 'Original adults', 'price': 13.6, 'category': 'drinks', 'store_id': 'bonarea', 'quantity': '10 kg', 'id': '8c18fb03-d851-4971-8f32-814b02edb40b', 'created_at': '2025-05-24T17:08:41.486428'}] count=None
[2025-05-24 20:08:42] ✅ Successfully inserted: Original adults
[2025-05-24 20:08:42] Attempting to insert product: {'name': 'Original adults', 'price': 4.38, 'category': 'drinks', 'store_id': 'bonarea', 'quantity': '3 kg'}
[2025-05-24 20:08:42] Supabase Response: data=[{'name': 'Original adults', 'price': 4.38, 'category': 'drinks', 'store_id': 'bonarea', 'quantity': '3 kg', 'id': 'bb2fff49-383e-41b1-b125-bb8a59d933da', 'created_at': '2025-05-24T17:08:41.730519'}] count=None
[2025-05-24 20:08:42] ✅ Successfully inserted: Original adults
[2025-05-24 20:08:42] Attempting to insert product: {'name': 'Junior 2-12 mesos', 'price': 15.9, 'category': 'drinks', 'store_id': 'bonarea', 'quantity': '10 kg'}
[2025-05-24 20:08:43] Supabase Response: data=[{'name': 'Junior 2-12 mesos', 'price': 15.9, 'category': 'drinks', 'store_id': 'bonarea', 'quantity': '10 kg', 'id': '72904e19-ca17-41f1-a559-8466233b8f69', 'created_at': '2025-05-24T17:08:42.02074'}] count=None
[2025-05-24 20:08:43] ✅ Successfully inserted: Junior 2-12 mesos
[2025-05-24 20:08:43] Attempting to insert product: {'name': 'Junior 2-12 mesos', 'price': 5.07, 'category': 'drinks', 'store_id': 'bonarea', 'quantity': '3 kg'}
[2025-05-24 20:08:43] Supabase Response: data=[{'name': 'Junior 2-12 mesos', 'price': 5.07, 'category': 'drinks', 'store_id': 'bonarea', 'quantity': '3 kg', 'id': '2932e2c7-f348-4d32-9a79-99fb8db3a447', 'created_at': '2025-05-24T17:08:42.268982'}] count=None
[2025-05-24 20:08:43] ✅ Successfully inserted: Junior 2-12 mesos
[2025-05-24 20:08:43] Attempting to insert product: {'name': 'Pit de pollastre groc sencer', 'price': 4.54, 'category': 'drinks', 'store_id': 'bonarea', 'quantity': 'aprox. 693 g'}
[2025-05-24 20:08:43] Supabase Response: data=[{'name': 'Pit de pollastre groc sencer', 'price': 4.54, 'category': 'drinks', 'store_id': 'bonarea', 'quantity': 'aprox. 693 g', 'id': 'ee16250e-6886-4880-b1d7-01da9b5288dd', 'created_at': '2025-05-24T17:08:42.632811'}] count=None
[2025-05-24 20:08:43] ✅ Successfully inserted: Pit de pollastre groc sencer
[2025-05-24 20:08:43] Attempting to insert product: {'name': 'Pernilets de pollastre groc', 'price': 3.64, 'category': 'drinks', 'store_id': 'bonarea', 'quantity': 'aprox. 1,0 kg'}
[2025-05-24 20:08:44] Supabase Response: data=[{'name': 'Pernilets de pollastre groc', 'price': 3.64, 'category': 'drinks', 'store_id': 'bonarea', 'quantity': 'aprox. 1,0 kg', 'id': 'ad0517e3-4a35-404b-b547-6b2d08d0123f', 'created_at': '2025-05-24T17:08:42.929102'}] count=None
[2025-05-24 20:08:44] ✅ Successfully inserted: Pernilets de pollastre groc
[2025-05-24 20:08:44] Attempting to insert product: {'name': 'Pit de pollastre blanc sencer', 'price': 4.68, 'category': 'drinks', 'store_id': 'bonarea', 'quantity': 'aprox. 715 g'}
[2025-05-24 20:08:44] Supabase Response: data=[{'name': 'Pit de pollastre blanc sencer', 'price': 4.68, 'category': 'drinks', 'store_id': 'bonarea', 'quantity': 'aprox. 715 g', 'id': 'e9d0ebc4-b9cd-49cb-baec-0999ca22594e', 'created_at': '2025-05-24T17:08:43.214825'}] count=None
[2025-05-24 20:08:44] ✅ Successfully inserted: Pit de pollastre blanc sencer
[2025-05-24 20:08:44] Attempting to insert product: {'name': 'Pernilets de pollastre blanc', 'price': 3.8, 'category': 'drinks', 'store_id': 'bonarea', 'quantity': 'aprox. 1,1 kg'}
[2025-05-24 20:08:44] Supabase Response: data=[{'name': 'Pernilets de pollastre blanc', 'price': 3.8, 'category': 'drinks', 'store_id': 'bonarea', 'quantity': 'aprox. 1,1 kg', 'id': 'b569991c-be9a-49cc-8c53-d11c3733d222', 'created_at': '2025-05-24T17:08:43.511682'}] count=None
[2025-05-24 20:08:44] ✅ Successfully inserted: Pernilets de pollastre blanc
[2025-05-24 20:08:44] Attempting to insert product: {'name': 'Pit de pollastre groc filetejat', 'price': 4.69, 'category': 'drinks', 'store_id': 'bonarea', 'quantity': 'aprox. 660 g'}
[2025-05-24 20:08:45] Supabase Response: data=[{'name': 'Pit de pollastre groc filetejat', 'price': 4.69, 'category': 'drinks', 'store_id': 'bonarea', 'quantity': 'aprox. 660 g', 'id': 'd079dd88-d9bf-438b-b1ca-dc5dfd5e82b5', 'created_at': '2025-05-24T17:08:43.768302'}] count=None
[2025-05-24 20:08:45] ✅ Successfully inserted: Pit de pollastre groc filetejat
[2025-05-24 20:08:45] Attempting to insert product: {'name': 'Pit de pollastre sencer 65% cereals', 'price': 4.57, 'category': 'drinks', 'store_id': 'bonarea', 'quantity': 'aprox. 605 g'}
[2025-05-24 20:08:45] Supabase Response: data=[{'name': 'Pit de pollastre sencer 65% cereals', 'price': 4.57, 'category': 'drinks', 'store_id': 'bonarea', 'quantity': 'aprox. 605 g', 'id': 'befaadbd-31f5-4598-8e8e-8ed77be78751', 'created_at': '2025-05-24T17:08:44.142922'}] count=None
[2025-05-24 20:08:45] ✅ Successfully inserted: Pit de pollastre sencer 65% cereals
[2025-05-24 20:08:49] Attempting to insert product: {'name': 'Gaspatxo', 'price': 2.85, 'category': 'drinks', 'store_id': 'bonarea', 'quantity': '1 l'}
[2025-05-24 20:08:49] Supabase Response: data=[{'name': 'Gaspatxo', 'price': 2.85, 'category': 'drinks', 'store_id': 'bonarea', 'quantity': '1 l', 'id': '9cbce68e-e63f-409e-8699-bb8a2d8e6169', 'created_at': '2025-05-24T17:08:48.134985'}] count=None
[2025-05-24 20:08:49] ✅ Successfully inserted: Gaspatxo
[2025-05-24 20:08:49] Attempting to insert product: {'name': 'Salmorejo', 'price': 3.15, 'category': 'drinks', 'store_id': 'bonarea', 'quantity': '1 l'}
[2025-05-24 20:08:49] Supabase Response: data=[{'name': 'Salmorejo', 'price': 3.15, 'category': 'drinks', 'store_id': 'bonarea', 'quantity': '1 l', 'id': 'f25577a5-965f-43f9-b3e3-390f8fada254', 'created_at': '2025-05-24T17:08:48.3823'}] count=None
[2025-05-24 20:08:49] ✅ Successfully inserted: Salmorejo
[2025-05-24 20:08:49] Attempting to insert product: {'name': 'Gaspatxo bric', 'price': 1.95, 'category': 'drinks', 'store_id': 'bonarea', 'quantity': '1 l'}
[2025-05-24 20:08:49] Supabase Response: data=[{'name': 'Gaspatxo bric', 'price': 1.95, 'category': 'drinks', 'store_id': 'bonarea', 'quantity': '1 l', 'id': 'c275976a-dcd4-458e-9fb6-9d08ca490039', 'created_at': '2025-05-24T17:08:48.636769'}] count=None
[2025-05-24 20:08:49] ✅ Successfully inserted: Gaspatxo bric
[2025-05-24 20:08:49] Attempting to insert product: {'name': 'Salmorejo bric', 'price': 2.3, 'category': 'drinks', 'store_id': 'bonarea', 'quantity': '1 l'}
[2025-05-24 20:08:50] Supabase Response: data=[{'name': 'Salmorejo bric', 'price': 2.3, 'category': 'drinks', 'store_id': 'bonarea', 'quantity': '1 l', 'id': '4961b2d4-952f-4be9-8406-e7f44e4134cf', 'created_at': '2025-05-24T17:08:48.888544'}] count=None
[2025-05-24 20:08:50] ✅ Successfully inserted: Salmorejo bric
[2025-05-24 20:08:50] Attempting to insert product: {'name': 'Gaspatxo estil andalús', 'price': 1.1, 'category': 'drinks', 'store_id': 'bonarea', 'quantity': '300 g'}
[2025-05-24 20:08:50] Supabase Response: data=[{'name': 'Gaspatxo estil andalús', 'price': 1.1, 'category': 'drinks', 'store_id': 'bonarea', 'quantity': '300 g', 'id': 'aa83c17d-983c-4699-8e53-5fe3baa4ec06', 'created_at': '2025-05-24T17:08:49.137158'}] count=None
[2025-05-24 20:08:50] ✅ Successfully inserted: Gaspatxo estil andalús
[2025-05-24 20:08:50] Attempting to insert product: {'name': 'Gaspatxo de maduixa', 'price': 1.25, 'category': 'drinks', 'store_id': 'bonarea', 'quantity': '300 g'}
[2025-05-24 20:08:50] Supabase Response: data=[{'name': 'Gaspatxo de maduixa', 'price': 1.25, 'category': 'drinks', 'store_id': 'bonarea', 'quantity': '300 g', 'id': 'a0b52853-583c-4084-bc0e-73defb0b50bd', 'created_at': '2025-05-24T17:08:49.381115'}] count=None
[2025-05-24 20:08:50] ✅ Successfully inserted: Gaspatxo de maduixa
[2025-05-24 20:08:50] Attempting to insert product: {'name': 'Hummus', 'price': 0.94, 'category': 'drinks', 'store_id': 'bonarea', 'quantity': '200 g'}
[2025-05-24 20:08:50] Supabase Response: data=[{'name': 'Hummus', 'price': 0.94, 'category': 'drinks', 'store_id': 'bonarea', 'quantity': '200 g', 'id': '1511c6f9-3526-4515-8767-439c78885dc6', 'created_at': '2025-05-24T17:08:49.64724'}] count=None
[2025-05-24 20:08:50] ✅ Successfully inserted: Hummus
[2025-05-24 20:08:50] Attempting to insert product: {'name': 'Cap de llom filetejat a la planxa', 'price': 2.4, 'category': 'drinks', 'store_id': 'bonarea', 'quantity': 'aprox. 198 g'}
[2025-05-24 20:08:51] Supabase Response: data=[{'name': 'Cap de llom filetejat a la planxa', 'price': 2.4, 'category': 'drinks', 'store_id': 'bonarea', 'quantity': 'aprox. 198 g', 'id': '03a3244f-f765-44ff-8204-3ba24750f67b', 'created_at': '2025-05-24T17:08:49.978806'}] count=None
[2025-05-24 20:08:51] ✅ Successfully inserted: Cap de llom filetejat a la planxa
[2025-05-24 20:08:51] Attempting to insert product: {'name': "Conill d'espatlla d'anoll", 'price': 16.91, 'category': 'drinks', 'store_id': 'bonarea', 'quantity': 'aprox. 1,6 kg'}
[2025-05-24 20:08:51] Supabase Response: data=[{'name': "Conill d'espatlla d'anoll", 'price': 16.91, 'category': 'drinks', 'store_id': 'bonarea', 'quantity': 'aprox. 1,6 kg', 'id': '0919cc71-486c-49e1-97ea-c695a3f6d0ad', 'created_at': '2025-05-24T17:08:50.292153'}] count=None
[2025-05-24 20:08:51] ✅ Successfully inserted: Conill d'espatlla d'anoll
[2025-05-24 20:08:51] Attempting to insert product: {'name': "Jarret d'anoll", 'price': 22.76, 'category': 'drinks', 'store_id': 'bonarea', 'quantity': 'aprox. 2,0 kg'}
[2025-05-24 20:08:51] Supabase Response: data=[{'name': "Jarret d'anoll", 'price': 22.76, 'category': 'drinks', 'store_id': 'bonarea', 'quantity': 'aprox. 2,0 kg', 'id': 'e6b229e5-4ec7-4d21-a1a3-264f1677777a', 'created_at': '2025-05-24T17:08:50.597983'}] count=None
[2025-05-24 20:08:51] ✅ Successfully inserted: Jarret d'anoll
[2025-05-24 20:08:51] Attempting to insert product: {'name': 'Mixt de bull negre i donegal', 'price': 1.1, 'category': 'drinks', 'store_id': 'bonarea', 'quantity': 'aprox. 143 g'}
[2025-05-24 20:08:52] Supabase Response: data=[{'name': 'Mixt de bull negre i donegal', 'price': 1.1, 'category': 'drinks', 'store_id': 'bonarea', 'quantity': 'aprox. 143 g', 'id': '5a3d0e00-a854-485a-8e59-e85255a750a6', 'created_at': '2025-05-24T17:08:50.847387'}] count=None
[2025-05-24 20:08:52] ✅ Successfully inserted: Mixt de bull negre i donegal
[2025-05-24 20:08:52] Attempting to insert product: {'name': 'Càpsules Nescafé Dolce Gusto espresso intens', 'price': 4.25, 'category': 'drinks', 'store_id': 'bonarea', 'quantity': '16 u.'}
[2025-05-24 20:08:52] Supabase Response: data=[{'name': 'Càpsules Nescafé Dolce Gusto espresso intens', 'price': 4.25, 'category': 'drinks', 'store_id': 'bonarea', 'quantity': '16 u.', 'id': '72f5f62c-d433-4b87-aaa8-edc4cb242f3a', 'created_at': '2025-05-24T17:08:51.132454'}] count=None
[2025-05-24 20:08:52] ✅ Successfully inserted: Càpsules Nescafé Dolce Gusto espresso intens
[2025-05-24 20:08:52] Attempting to insert product: {'name': 'Salmó adults', 'price': 13.8, 'category': 'drinks', 'store_id': 'bonarea', 'quantity': '10 kg'}
[2025-05-24 20:08:52] Supabase Response: data=[{'name': 'Salmó adults', 'price': 13.8, 'category': 'drinks', 'store_id': 'bonarea', 'quantity': '10 kg', 'id': 'e6ab895f-e358-45f8-a277-97cf8c1e7241', 'created_at': '2025-05-24T17:08:51.438113'}] count=None
[2025-05-24 20:08:52] ✅ Successfully inserted: Salmó adults
[2025-05-24 20:08:52] Attempting to insert product: {'name': 'Salmó adults', 'price': 4.44, 'category': 'drinks', 'store_id': 'bonarea', 'quantity': '3 kg'}
[2025-05-24 20:08:52] Supabase Response: data=[{'name': 'Salmó adults', 'price': 4.44, 'category': 'drinks', 'store_id': 'bonarea', 'quantity': '3 kg', 'id': '3cec5e94-f499-407c-9903-aa7d3f7722de', 'created_at': '2025-05-24T17:08:51.74222'}] count=None
[2025-05-24 20:08:52] ✅ Successfully inserted: Salmó adults
[2025-05-24 20:08:52] Attempting to insert product: {'name': 'Original adults', 'price': 13.6, 'category': 'drinks', 'store_id': 'bonarea', 'quantity': '10 kg'}
[2025-05-24 20:08:53] Supabase Response: data=[{'name': 'Original adults', 'price': 13.6, 'category': 'drinks', 'store_id': 'bonarea', 'quantity': '10 kg', 'id': 'e8081972-9e65-4da7-8632-cb39b7f5b9fb', 'created_at': '2025-05-24T17:08:52.036614'}] count=None
[2025-05-24 20:08:53] ✅ Successfully inserted: Original adults
[2025-05-24 20:08:53] Attempting to insert product: {'name': 'Original adults', 'price': 4.38, 'category': 'drinks', 'store_id': 'bonarea', 'quantity': '3 kg'}
[2025-05-24 20:08:53] Supabase Response: data=[{'name': 'Original adults', 'price': 4.38, 'category': 'drinks', 'store_id': 'bonarea', 'quantity': '3 kg', 'id': 'c5569c30-e10e-4819-96fe-44f7d76f8634', 'created_at': '2025-05-24T17:08:52.343455'}] count=None
[2025-05-24 20:08:53] ✅ Successfully inserted: Original adults
[2025-05-24 20:08:53] Attempting to insert product: {'name': 'Junior 2-12 mesos', 'price': 15.9, 'category': 'drinks', 'store_id': 'bonarea', 'quantity': '10 kg'}
[2025-05-24 20:08:53] Supabase Response: data=[{'name': 'Junior 2-12 mesos', 'price': 15.9, 'category': 'drinks', 'store_id': 'bonarea', 'quantity': '10 kg', 'id': '0b0600eb-87f5-4acb-8145-15f96aee093a', 'created_at': '2025-05-24T17:08:52.64864'}] count=None
[2025-05-24 20:08:53] ✅ Successfully inserted: Junior 2-12 mesos
[2025-05-24 20:08:53] Attempting to insert product: {'name': 'Junior 2-12 mesos', 'price': 5.07, 'category': 'drinks', 'store_id': 'bonarea', 'quantity': '3 kg'}
[2025-05-24 20:08:54] Supabase Response: data=[{'name': 'Junior 2-12 mesos', 'price': 5.07, 'category': 'drinks', 'store_id': 'bonarea', 'quantity': '3 kg', 'id': 'bd75b6af-1b8d-4d6d-a036-a73057b83d7a', 'created_at': '2025-05-24T17:08:52.914052'}] count=None
[2025-05-24 20:08:54] ✅ Successfully inserted: Junior 2-12 mesos
[2025-05-24 20:08:54] Attempting to insert product: {'name': 'Pit de pollastre groc sencer', 'price': 4.54, 'category': 'drinks', 'store_id': 'bonarea', 'quantity': 'aprox. 693 g'}
[2025-05-24 20:08:54] Supabase Response: data=[{'name': 'Pit de pollastre groc sencer', 'price': 4.54, 'category': 'drinks', 'store_id': 'bonarea', 'quantity': 'aprox. 693 g', 'id': 'a11fd0fa-d5c5-4ed2-ab53-47248e7ec7fe', 'created_at': '2025-05-24T17:08:53.195899'}] count=None
[2025-05-24 20:08:54] ✅ Successfully inserted: Pit de pollastre groc sencer
[2025-05-24 20:08:54] Attempting to insert product: {'name': 'Pernilets de pollastre groc', 'price': 3.64, 'category': 'drinks', 'store_id': 'bonarea', 'quantity': 'aprox. 1,0 kg'}
[2025-05-24 20:08:54] Supabase Response: data=[{'name': 'Pernilets de pollastre groc', 'price': 3.64, 'category': 'drinks', 'store_id': 'bonarea', 'quantity': 'aprox. 1,0 kg', 'id': 'b7dd4c38-8fbf-4712-b6ef-f9f5f1276178', 'created_at': '2025-05-24T17:08:53.487084'}] count=None
[2025-05-24 20:08:54] ✅ Successfully inserted: Pernilets de pollastre groc
[2025-05-24 20:08:54] Attempting to insert product: {'name': 'Pit de pollastre blanc sencer', 'price': 4.68, 'category': 'drinks', 'store_id': 'bonarea', 'quantity': 'aprox. 715 g'}
[2025-05-24 20:08:54] Supabase Response: data=[{'name': 'Pit de pollastre blanc sencer', 'price': 4.68, 'category': 'drinks', 'store_id': 'bonarea', 'quantity': 'aprox. 715 g', 'id': '0d2ae284-cc74-4cc6-aa43-6f0c76e66d54', 'created_at': '2025-05-24T17:08:53.771341'}] count=None
[2025-05-24 20:08:54] ✅ Successfully inserted: Pit de pollastre blanc sencer
[2025-05-24 20:08:55] Attempting to insert product: {'name': 'Pernilets de pollastre blanc', 'price': 3.8, 'category': 'drinks', 'store_id': 'bonarea', 'quantity': 'aprox. 1,1 kg'}
[2025-05-24 20:08:55] Supabase Response: data=[{'name': 'Pernilets de pollastre blanc', 'price': 3.8, 'category': 'drinks', 'store_id': 'bonarea', 'quantity': 'aprox. 1,1 kg', 'id': '4affe06f-d3ef-48c1-8aba-1707ec7b4dcd', 'created_at': '2025-05-24T17:08:54.080111'}] count=None
[2025-05-24 20:08:55] ✅ Successfully inserted: Pernilets de pollastre blanc
[2025-05-24 20:08:55] Attempting to insert product: {'name': 'Pit de pollastre groc filetejat', 'price': 4.69, 'category': 'drinks', 'store_id': 'bonarea', 'quantity': 'aprox. 660 g'}
[2025-05-24 20:08:55] Supabase Response: data=[{'name': 'Pit de pollastre groc filetejat', 'price': 4.69, 'category': 'drinks', 'store_id': 'bonarea', 'quantity': 'aprox. 660 g', 'id': 'bceead82-c4fc-4819-99d3-a349085325bf', 'created_at': '2025-05-24T17:08:54.386198'}] count=None
[2025-05-24 20:08:55] ✅ Successfully inserted: Pit de pollastre groc filetejat
[2025-05-24 20:08:55] Attempting to insert product: {'name': 'Pit de pollastre sencer 65% cereals', 'price': 4.57, 'category': 'drinks', 'store_id': 'bonarea', 'quantity': 'aprox. 605 g'}
[2025-05-24 20:08:55] Supabase Response: data=[{'name': 'Pit de pollastre sencer 65% cereals', 'price': 4.57, 'category': 'drinks', 'store_id': 'bonarea', 'quantity': 'aprox. 605 g', 'id': 'f7cbd445-bdd7-47d0-90c4-84547608cff7', 'created_at': '2025-05-24T17:08:54.690747'}] count=None
[2025-05-24 20:08:55] ✅ Successfully inserted: Pit de pollastre sencer 65% cereals
[2025-05-24 20:08:59] Attempting to insert product: {'name': 'Gaspatxo', 'price': 2.85, 'category': 'drinks', 'store_id': 'bonarea', 'quantity': '1 l'}
[2025-05-24 20:08:59] Supabase Response: data=[{'name': 'Gaspatxo', 'price': 2.85, 'category': 'drinks', 'store_id': 'bonarea', 'quantity': '1 l', 'id': 'bb667134-a56e-44b9-a0e8-091da2b7447d', 'created_at': '2025-05-24T17:08:58.830517'}] count=None
[2025-05-24 20:08:59] ✅ Successfully inserted: Gaspatxo
[2025-05-24 20:09:00] Attempting to insert product: {'name': 'Salmorejo', 'price': 3.15, 'category': 'drinks', 'store_id': 'bonarea', 'quantity': '1 l'}
[2025-05-24 20:09:00] Supabase Response: data=[{'name': 'Salmorejo', 'price': 3.15, 'category': 'drinks', 'store_id': 'bonarea', 'quantity': '1 l', 'id': '1a298bb9-b00a-4b8e-9f74-a6ad2818db54', 'created_at': '2025-05-24T17:08:59.075593'}] count=None
[2025-05-24 20:09:00] ✅ Successfully inserted: Salmorejo
[2025-05-24 20:09:00] Attempting to insert product: {'name': 'Gaspatxo bric', 'price': 1.95, 'category': 'drinks', 'store_id': 'bonarea', 'quantity': '1 l'}
[2025-05-24 20:09:00] Supabase Response: data=[{'name': 'Gaspatxo bric', 'price': 1.95, 'category': 'drinks', 'store_id': 'bonarea', 'quantity': '1 l', 'id': '27e8f4b9-fca5-470a-8a61-897816e7088e', 'created_at': '2025-05-24T17:08:59.314308'}] count=None
[2025-05-24 20:09:00] ✅ Successfully inserted: Gaspatxo bric
[2025-05-24 20:09:00] Attempting to insert product: {'name': 'Salmorejo bric', 'price': 2.3, 'category': 'drinks', 'store_id': 'bonarea', 'quantity': '1 l'}
[2025-05-24 20:09:00] Supabase Response: data=[{'name': 'Salmorejo bric', 'price': 2.3, 'category': 'drinks', 'store_id': 'bonarea', 'quantity': '1 l', 'id': '6fd938f3-950e-4412-91ce-f258eb609d7c', 'created_at': '2025-05-24T17:08:59.590031'}] count=None
[2025-05-24 20:09:00] ✅ Successfully inserted: Salmorejo bric
[2025-05-24 20:09:00] Attempting to insert product: {'name': 'Gaspatxo estil andalús', 'price': 1.1, 'category': 'drinks', 'store_id': 'bonarea', 'quantity': '300 g'}
[2025-05-24 20:09:00] Supabase Response: data=[{'name': 'Gaspatxo estil andalús', 'price': 1.1, 'category': 'drinks', 'store_id': 'bonarea', 'quantity': '300 g', 'id': 'f5c060b3-e84a-41c2-8ee0-ee48f009c0e3', 'created_at': '2025-05-24T17:08:59.840641'}] count=None
[2025-05-24 20:09:00] ✅ Successfully inserted: Gaspatxo estil andalús
[2025-05-24 20:09:01] Attempting to insert product: {'name': 'Gaspatxo de maduixa', 'price': 1.25, 'category': 'drinks', 'store_id': 'bonarea', 'quantity': '300 g'}
[2025-05-24 20:09:01] Supabase Response: data=[{'name': 'Gaspatxo de maduixa', 'price': 1.25, 'category': 'drinks', 'store_id': 'bonarea', 'quantity': '300 g', 'id': '5f46dd78-1459-4965-99db-7d39e6bedf07', 'created_at': '2025-05-24T17:09:00.087977'}] count=None
[2025-05-24 20:09:01] ✅ Successfully inserted: Gaspatxo de maduixa
[2025-05-24 20:09:01] Attempting to insert product: {'name': 'Hummus', 'price': 0.94, 'category': 'drinks', 'store_id': 'bonarea', 'quantity': '200 g'}
[2025-05-24 20:09:01] Supabase Response: data=[{'name': 'Hummus', 'price': 0.94, 'category': 'drinks', 'store_id': 'bonarea', 'quantity': '200 g', 'id': '2688daa6-9fe1-47ce-bbce-1ba818aa9a44', 'created_at': '2025-05-24T17:09:00.334538'}] count=None
[2025-05-24 20:09:01] ✅ Successfully inserted: Hummus
[2025-05-24 20:09:01] Attempting to insert product: {'name': 'Cap de llom filetejat a la planxa', 'price': 2.4, 'category': 'drinks', 'store_id': 'bonarea', 'quantity': 'aprox. 198 g'}
[2025-05-24 20:09:01] Supabase Response: data=[{'name': 'Cap de llom filetejat a la planxa', 'price': 2.4, 'category': 'drinks', 'store_id': 'bonarea', 'quantity': 'aprox. 198 g', 'id': '35116fce-26b7-44d5-9eb0-51104d04a440', 'created_at': '2025-05-24T17:09:00.657213'}] count=None
[2025-05-24 20:09:01] ✅ Successfully inserted: Cap de llom filetejat a la planxa
[2025-05-24 20:09:01] Attempting to insert product: {'name': "Conill d'espatlla d'anoll", 'price': 16.91, 'category': 'drinks', 'store_id': 'bonarea', 'quantity': 'aprox. 1,6 kg'}
[2025-05-24 20:09:02] Supabase Response: data=[{'name': "Conill d'espatlla d'anoll", 'price': 16.91, 'category': 'drinks', 'store_id': 'bonarea', 'quantity': 'aprox. 1,6 kg', 'id': 'e2ee4a29-2859-4767-ae1e-73366b371bea', 'created_at': '2025-05-24T17:09:00.937962'}] count=None
[2025-05-24 20:09:02] ✅ Successfully inserted: Conill d'espatlla d'anoll
[2025-05-24 20:09:02] Attempting to insert product: {'name': "Jarret d'anoll", 'price': 22.76, 'category': 'drinks', 'store_id': 'bonarea', 'quantity': 'aprox. 2,0 kg'}
[2025-05-24 20:09:02] Supabase Response: data=[{'name': "Jarret d'anoll", 'price': 22.76, 'category': 'drinks', 'store_id': 'bonarea', 'quantity': 'aprox. 2,0 kg', 'id': '1cef58e2-91ac-47aa-949f-a2747f8fd92c', 'created_at': '2025-05-24T17:09:01.26966'}] count=None
[2025-05-24 20:09:02] ✅ Successfully inserted: Jarret d'anoll
[2025-05-24 20:09:02] Attempting to insert product: {'name': 'Mixt de bull negre i donegal', 'price': 1.1, 'category': 'drinks', 'store_id': 'bonarea', 'quantity': 'aprox. 143 g'}
[2025-05-24 20:09:02] Supabase Response: data=[{'name': 'Mixt de bull negre i donegal', 'price': 1.1, 'category': 'drinks', 'store_id': 'bonarea', 'quantity': 'aprox. 143 g', 'id': 'a8dfc6d5-c081-47bf-a47a-50a4f5b1790e', 'created_at': '2025-05-24T17:09:01.554494'}] count=None
[2025-05-24 20:09:02] ✅ Successfully inserted: Mixt de bull negre i donegal
[2025-05-24 20:09:02] Attempting to insert product: {'name': 'Càpsules Nescafé Dolce Gusto espresso intens', 'price': 4.25, 'category': 'drinks', 'store_id': 'bonarea', 'quantity': '16 u.'}
[2025-05-24 20:09:03] Supabase Response: data=[{'name': 'Càpsules Nescafé Dolce Gusto espresso intens', 'price': 4.25, 'category': 'drinks', 'store_id': 'bonarea', 'quantity': '16 u.', 'id': 'eb061b39-a132-44fd-9c28-cbf23da835f0', 'created_at': '2025-05-24T17:09:01.862632'}] count=None
[2025-05-24 20:09:03] ✅ Successfully inserted: Càpsules Nescafé Dolce Gusto espresso intens
[2025-05-24 20:09:03] Attempting to insert product: {'name': 'Salmó adults', 'price': 13.8, 'category': 'drinks', 'store_id': 'bonarea', 'quantity': '10 kg'}
[2025-05-24 20:09:03] Supabase Response: data=[{'name': 'Salmó adults', 'price': 13.8, 'category': 'drinks', 'store_id': 'bonarea', 'quantity': '10 kg', 'id': '4612fc1a-dd12-4263-b7cd-2750c2c3d80b', 'created_at': '2025-05-24T17:09:02.170996'}] count=None
[2025-05-24 20:09:03] ✅ Successfully inserted: Salmó adults
[2025-05-24 20:09:03] Attempting to insert product: {'name': 'Salmó adults', 'price': 4.44, 'category': 'drinks', 'store_id': 'bonarea', 'quantity': '3 kg'}
[2025-05-24 20:09:03] Supabase Response: data=[{'name': 'Salmó adults', 'price': 4.44, 'category': 'drinks', 'store_id': 'bonarea', 'quantity': '3 kg', 'id': 'c0a1d087-c448-47fc-a7a8-40fb5c60fd10', 'created_at': '2025-05-24T17:09:02.471308'}] count=None
[2025-05-24 20:09:03] ✅ Successfully inserted: Salmó adults
[2025-05-24 20:09:03] Attempting to insert product: {'name': 'Original adults', 'price': 13.6, 'category': 'drinks', 'store_id': 'bonarea', 'quantity': '10 kg'}
[2025-05-24 20:09:04] Supabase Response: data=[{'name': 'Original adults', 'price': 13.6, 'category': 'drinks', 'store_id': 'bonarea', 'quantity': '10 kg', 'id': '3095c05f-62a0-4bbf-a7ea-6122f83d47e7', 'created_at': '2025-05-24T17:09:02.803324'}] count=None
[2025-05-24 20:09:04] ✅ Successfully inserted: Original adults
[2025-05-24 20:09:04] Attempting to insert product: {'name': 'Original adults', 'price': 4.38, 'category': 'drinks', 'store_id': 'bonarea', 'quantity': '3 kg'}
[2025-05-24 20:09:04] Supabase Response: data=[{'name': 'Original adults', 'price': 4.38, 'category': 'drinks', 'store_id': 'bonarea', 'quantity': '3 kg', 'id': '76fac792-a0f7-4cdc-b9d1-2a375e7769b3', 'created_at': '2025-05-24T17:09:03.092026'}] count=None
[2025-05-24 20:09:04] ✅ Successfully inserted: Original adults
[2025-05-24 20:09:04] Attempting to insert product: {'name': 'Junior 2-12 mesos', 'price': 15.9, 'category': 'drinks', 'store_id': 'bonarea', 'quantity': '10 kg'}
[2025-05-24 20:09:04] Supabase Response: data=[{'name': 'Junior 2-12 mesos', 'price': 15.9, 'category': 'drinks', 'store_id': 'bonarea', 'quantity': '10 kg', 'id': '74861166-21ab-476e-b01b-d53750b7b8f4', 'created_at': '2025-05-24T17:09:03.394896'}] count=None
[2025-05-24 20:09:04] ✅ Successfully inserted: Junior 2-12 mesos
[2025-05-24 20:09:04] Attempting to insert product: {'name': 'Junior 2-12 mesos', 'price': 5.07, 'category': 'drinks', 'store_id': 'bonarea', 'quantity': '3 kg'}
[2025-05-24 20:09:04] Supabase Response: data=[{'name': 'Junior 2-12 mesos', 'price': 5.07, 'category': 'drinks', 'store_id': 'bonarea', 'quantity': '3 kg', 'id': '77143539-b74f-468a-80e8-5986f08e6cdf', 'created_at': '2025-05-24T17:09:03.720042'}] count=None
[2025-05-24 20:09:04] ✅ Successfully inserted: Junior 2-12 mesos
[2025-05-24 20:09:04] Attempting to insert product: {'name': 'Pit de pollastre groc sencer', 'price': 4.54, 'category': 'drinks', 'store_id': 'bonarea', 'quantity': 'aprox. 693 g'}
[2025-05-24 20:09:05] Supabase Response: data=[{'name': 'Pit de pollastre groc sencer', 'price': 4.54, 'category': 'drinks', 'store_id': 'bonarea', 'quantity': 'aprox. 693 g', 'id': 'f47b9b77-cdc4-45b2-910d-cc139f160594', 'created_at': '2025-05-24T17:09:04.012672'}] count=None
[2025-05-24 20:09:05] ✅ Successfully inserted: Pit de pollastre groc sencer
[2025-05-24 20:09:05] Attempting to insert product: {'name': 'Pernilets de pollastre groc', 'price': 3.64, 'category': 'drinks', 'store_id': 'bonarea', 'quantity': 'aprox. 1,0 kg'}
[2025-05-24 20:09:05] Supabase Response: data=[{'name': 'Pernilets de pollastre groc', 'price': 3.64, 'category': 'drinks', 'store_id': 'bonarea', 'quantity': 'aprox. 1,0 kg', 'id': '485bbaea-dd97-4a34-bf25-4b9a7d2024ed', 'created_at': '2025-05-24T17:09:04.316694'}] count=None
[2025-05-24 20:09:05] ✅ Successfully inserted: Pernilets de pollastre groc
[2025-05-24 20:09:05] Attempting to insert product: {'name': 'Pit de pollastre blanc sencer', 'price': 4.68, 'category': 'drinks', 'store_id': 'bonarea', 'quantity': 'aprox. 715 g'}
[2025-05-24 20:09:05] Supabase Response: data=[{'name': 'Pit de pollastre blanc sencer', 'price': 4.68, 'category': 'drinks', 'store_id': 'bonarea', 'quantity': 'aprox. 715 g', 'id': '2e21427c-73f2-4f60-8d15-2a1a6313c8c9', 'created_at': '2025-05-24T17:09:04.626113'}] count=None
[2025-05-24 20:09:05] ✅ Successfully inserted: Pit de pollastre blanc sencer
[2025-05-24 20:09:05] Attempting to insert product: {'name': 'Pernilets de pollastre blanc', 'price': 3.8, 'category': 'drinks', 'store_id': 'bonarea', 'quantity': 'aprox. 1,1 kg'}
[2025-05-24 20:09:06] Supabase Response: data=[{'name': 'Pernilets de pollastre blanc', 'price': 3.8, 'category': 'drinks', 'store_id': 'bonarea', 'quantity': 'aprox. 1,1 kg', 'id': '6cfd9d2c-fd91-4f7d-9c6a-cd380c3e6155', 'created_at': '2025-05-24T17:09:04.913431'}] count=None
[2025-05-24 20:09:06] ✅ Successfully inserted: Pernilets de pollastre blanc
[2025-05-24 20:09:06] Attempting to insert product: {'name': 'Pit de pollastre groc filetejat', 'price': 4.69, 'category': 'drinks', 'store_id': 'bonarea', 'quantity': 'aprox. 660 g'}
[2025-05-24 20:09:06] Supabase Response: data=[{'name': 'Pit de pollastre groc filetejat', 'price': 4.69, 'category': 'drinks', 'store_id': 'bonarea', 'quantity': 'aprox. 660 g', 'id': 'ad4b300f-76fa-418b-b83b-7a32729e93ad', 'created_at': '2025-05-24T17:09:05.242531'}] count=None
[2025-05-24 20:09:06] ✅ Successfully inserted: Pit de pollastre groc filetejat
[2025-05-24 20:09:06] Attempting to insert product: {'name': 'Pit de pollastre sencer 65% cereals', 'price': 4.57, 'category': 'drinks', 'store_id': 'bonarea', 'quantity': 'aprox. 605 g'}
[2025-05-24 20:09:06] Supabase Response: data=[{'name': 'Pit de pollastre sencer 65% cereals', 'price': 4.57, 'category': 'drinks', 'store_id': 'bonarea', 'quantity': 'aprox. 605 g', 'id': 'eb5e80d9-0037-4a9f-98d4-b30e7650e46f', 'created_at': '2025-05-24T17:09:05.543503'}] count=None
[2025-05-24 20:09:06] ✅ Successfully inserted: Pit de pollastre sencer 65% cereals
[2025-05-24 20:09:10] Attempting to insert product: {'name': 'Gaspatxo', 'price': 2.85, 'category': 'drinks', 'store_id': 'bonarea', 'quantity': '1 l'}
[2025-05-24 20:09:10] Supabase Response: data=[{'name': 'Gaspatxo', 'price': 2.85, 'category': 'drinks', 'store_id': 'bonarea', 'quantity': '1 l', 'id': '1e224b98-4dfa-47dd-8754-c23fb61f1c3e', 'created_at': '2025-05-24T17:09:09.596094'}] count=None
[2025-05-24 20:09:10] ✅ Successfully inserted: Gaspatxo
[2025-05-24 20:09:10] Attempting to insert product: {'name': 'Salmorejo', 'price': 3.15, 'category': 'drinks', 'store_id': 'bonarea', 'quantity': '1 l'}
[2025-05-24 20:09:11] Supabase Response: data=[{'name': 'Salmorejo', 'price': 3.15, 'category': 'drinks', 'store_id': 'bonarea', 'quantity': '1 l', 'id': '25d1b8d3-f001-4e3c-921f-cfd8032776e5', 'created_at': '2025-05-24T17:09:10.015394'}] count=None
[2025-05-24 20:09:11] ✅ Successfully inserted: Salmorejo
[2025-05-24 20:09:11] Attempting to insert product: {'name': 'Gaspatxo bric', 'price': 1.95, 'category': 'drinks', 'store_id': 'bonarea', 'quantity': '1 l'}
[2025-05-24 20:09:11] Supabase Response: data=[{'name': 'Gaspatxo bric', 'price': 1.95, 'category': 'drinks', 'store_id': 'bonarea', 'quantity': '1 l', 'id': '0af264b8-4936-4d96-bc97-f545d0a2af10', 'created_at': '2025-05-24T17:09:10.359565'}] count=None
[2025-05-24 20:09:11] ✅ Successfully inserted: Gaspatxo bric
[2025-05-24 20:09:11] Attempting to insert product: {'name': 'Salmorejo bric', 'price': 2.3, 'category': 'drinks', 'store_id': 'bonarea', 'quantity': '1 l'}
[2025-05-24 20:09:11] Supabase Response: data=[{'name': 'Salmorejo bric', 'price': 2.3, 'category': 'drinks', 'store_id': 'bonarea', 'quantity': '1 l', 'id': '2684a082-716c-485c-805c-bb457d88e970', 'created_at': '2025-05-24T17:09:10.670969'}] count=None
[2025-05-24 20:09:11] ✅ Successfully inserted: Salmorejo bric
[2025-05-24 20:09:11] Attempting to insert product: {'name': 'Gaspatxo estil andalús', 'price': 1.1, 'category': 'drinks', 'store_id': 'bonarea', 'quantity': '300 g'}
[2025-05-24 20:09:12] Supabase Response: data=[{'name': 'Gaspatxo estil andalús', 'price': 1.1, 'category': 'drinks', 'store_id': 'bonarea', 'quantity': '300 g', 'id': 'dc6618a7-ff91-460c-8a7a-ef6a205e8346', 'created_at': '2025-05-24T17:09:10.976917'}] count=None
[2025-05-24 20:09:12] ✅ Successfully inserted: Gaspatxo estil andalús
[2025-05-24 20:09:12] Attempting to insert product: {'name': 'Gaspatxo de maduixa', 'price': 1.25, 'category': 'drinks', 'store_id': 'bonarea', 'quantity': '300 g'}
[2025-05-24 20:09:12] Supabase Response: data=[{'name': 'Gaspatxo de maduixa', 'price': 1.25, 'category': 'drinks', 'store_id': 'bonarea', 'quantity': '300 g', 'id': 'd48b6312-a98e-41b6-9b5d-a18c8dadec51', 'created_at': '2025-05-24T17:09:11.243215'}] count=None
[2025-05-24 20:09:12] ✅ Successfully inserted: Gaspatxo de maduixa
[2025-05-24 20:09:12] Attempting to insert product: {'name': 'Hummus', 'price': 0.94, 'category': 'drinks', 'store_id': 'bonarea', 'quantity': '200 g'}
[2025-05-24 20:09:12] Supabase Response: data=[{'name': 'Hummus', 'price': 0.94, 'category': 'drinks', 'store_id': 'bonarea', 'quantity': '200 g', 'id': 'a1631b7a-c679-45e8-b7fe-b9ee7cf2dc0d', 'created_at': '2025-05-24T17:09:11.591909'}] count=None
[2025-05-24 20:09:12] ✅ Successfully inserted: Hummus
[2025-05-24 20:09:12] Attempting to insert product: {'name': 'Cap de llom filetejat a la planxa', 'price': 2.4, 'category': 'drinks', 'store_id': 'bonarea', 'quantity': 'aprox. 198 g'}
[2025-05-24 20:09:13] Supabase Response: data=[{'name': 'Cap de llom filetejat a la planxa', 'price': 2.4, 'category': 'drinks', 'store_id': 'bonarea', 'quantity': 'aprox. 198 g', 'id': '0cd69238-b027-4727-a851-cf801472c939', 'created_at': '2025-05-24T17:09:11.912701'}] count=None
[2025-05-24 20:09:13] ✅ Successfully inserted: Cap de llom filetejat a la planxa
[2025-05-24 20:09:13] Attempting to insert product: {'name': "Conill d'espatlla d'anoll", 'price': 16.91, 'category': 'drinks', 'store_id': 'bonarea', 'quantity': 'aprox. 1,6 kg'}
[2025-05-24 20:09:13] Supabase Response: data=[{'name': "Conill d'espatlla d'anoll", 'price': 16.91, 'category': 'drinks', 'store_id': 'bonarea', 'quantity': 'aprox. 1,6 kg', 'id': '92ae4772-e591-4435-8758-527972969cfe', 'created_at': '2025-05-24T17:09:12.203464'}] count=None
[2025-05-24 20:09:13] ✅ Successfully inserted: Conill d'espatlla d'anoll
[2025-05-24 20:09:13] Attempting to insert product: {'name': "Jarret d'anoll", 'price': 22.76, 'category': 'drinks', 'store_id': 'bonarea', 'quantity': 'aprox. 2,0 kg'}
[2025-05-24 20:09:13] Supabase Response: data=[{'name': "Jarret d'anoll", 'price': 22.76, 'category': 'drinks', 'store_id': 'bonarea', 'quantity': 'aprox. 2,0 kg', 'id': '44c331ad-5bb2-4768-b431-9ce1af61c551', 'created_at': '2025-05-24T17:09:12.515199'}] count=None
[2025-05-24 20:09:13] ✅ Successfully inserted: Jarret d'anoll
[2025-05-24 20:09:13] Attempting to insert product: {'name': 'Mixt de bull negre i donegal', 'price': 1.1, 'category': 'drinks', 'store_id': 'bonarea', 'quantity': 'aprox. 143 g'}
[2025-05-24 20:09:13] Supabase Response: data=[{'name': 'Mixt de bull negre i donegal', 'price': 1.1, 'category': 'drinks', 'store_id': 'bonarea', 'quantity': 'aprox. 143 g', 'id': 'ccd52c7b-744e-4e60-bdf6-1a1516f0899b', 'created_at': '2025-05-24T17:09:12.819553'}] count=None
[2025-05-24 20:09:13] ✅ Successfully inserted: Mixt de bull negre i donegal
[2025-05-24 20:09:14] Attempting to insert product: {'name': 'Càpsules Nescafé Dolce Gusto espresso intens', 'price': 4.25, 'category': 'drinks', 'store_id': 'bonarea', 'quantity': '16 u.'}
[2025-05-24 20:09:14] Supabase Response: data=[{'name': 'Càpsules Nescafé Dolce Gusto espresso intens', 'price': 4.25, 'category': 'drinks', 'store_id': 'bonarea', 'quantity': '16 u.', 'id': 'c1acf12a-e96d-439f-a749-cc95d66e7d01', 'created_at': '2025-05-24T17:09:13.103335'}] count=None
[2025-05-24 20:09:14] ✅ Successfully inserted: Càpsules Nescafé Dolce Gusto espresso intens
[2025-05-24 20:09:14] Attempting to insert product: {'name': 'Salmó adults', 'price': 13.8, 'category': 'drinks', 'store_id': 'bonarea', 'quantity': '10 kg'}
[2025-05-24 20:09:14] Supabase Response: data=[{'name': 'Salmó adults', 'price': 13.8, 'category': 'drinks', 'store_id': 'bonarea', 'quantity': '10 kg', 'id': '3b270e2d-75b9-4a1d-b377-a52c583d814f', 'created_at': '2025-05-24T17:09:13.435486'}] count=None
[2025-05-24 20:09:14] ✅ Successfully inserted: Salmó adults
[2025-05-24 20:09:14] Attempting to insert product: {'name': 'Salmó adults', 'price': 4.44, 'category': 'drinks', 'store_id': 'bonarea', 'quantity': '3 kg'}
[2025-05-24 20:09:14] Supabase Response: data=[{'name': 'Salmó adults', 'price': 4.44, 'category': 'drinks', 'store_id': 'bonarea', 'quantity': '3 kg', 'id': '093c8bc9-d9e6-4172-a740-fc011e6c2b5e', 'created_at': '2025-05-24T17:09:13.73885'}] count=None
[2025-05-24 20:09:14] ✅ Successfully inserted: Salmó adults
[2025-05-24 20:09:14] Attempting to insert product: {'name': 'Original adults', 'price': 13.6, 'category': 'drinks', 'store_id': 'bonarea', 'quantity': '10 kg'}
[2025-05-24 20:09:15] Supabase Response: data=[{'name': 'Original adults', 'price': 13.6, 'category': 'drinks', 'store_id': 'bonarea', 'quantity': '10 kg', 'id': '6d4718e2-f488-4914-b383-d3937b6b921f', 'created_at': '2025-05-24T17:09:14.05976'}] count=None
[2025-05-24 20:09:15] ✅ Successfully inserted: Original adults
[2025-05-24 20:09:15] Attempting to insert product: {'name': 'Original adults', 'price': 4.38, 'category': 'drinks', 'store_id': 'bonarea', 'quantity': '3 kg'}
[2025-05-24 20:09:15] Supabase Response: data=[{'name': 'Original adults', 'price': 4.38, 'category': 'drinks', 'store_id': 'bonarea', 'quantity': '3 kg', 'id': '3e7503e6-7d09-4693-bd3d-66dc30c22804', 'created_at': '2025-05-24T17:09:14.356933'}] count=None
[2025-05-24 20:09:15] ✅ Successfully inserted: Original adults
[2025-05-24 20:09:15] Attempting to insert product: {'name': 'Junior 2-12 mesos', 'price': 15.9, 'category': 'drinks', 'store_id': 'bonarea', 'quantity': '10 kg'}
[2025-05-24 20:09:15] Supabase Response: data=[{'name': 'Junior 2-12 mesos', 'price': 15.9, 'category': 'drinks', 'store_id': 'bonarea', 'quantity': '10 kg', 'id': 'e4ed73a6-b5b8-411b-a409-b06b1d39093b', 'created_at': '2025-05-24T17:09:14.661321'}] count=None
[2025-05-24 20:09:15] ✅ Successfully inserted: Junior 2-12 mesos
[2025-05-24 20:09:15] Attempting to insert product: {'name': 'Junior 2-12 mesos', 'price': 5.07, 'category': 'drinks', 'store_id': 'bonarea', 'quantity': '3 kg'}
[2025-05-24 20:09:16] Supabase Response: data=[{'name': 'Junior 2-12 mesos', 'price': 5.07, 'category': 'drinks', 'store_id': 'bonarea', 'quantity': '3 kg', 'id': 'ead6a162-48fc-4242-a27d-803c942a4a60', 'created_at': '2025-05-24T17:09:14.969657'}] count=None
[2025-05-24 20:09:16] ✅ Successfully inserted: Junior 2-12 mesos
[2025-05-24 20:09:16] Attempting to insert product: {'name': 'Pit de pollastre groc sencer', 'price': 4.54, 'category': 'drinks', 'store_id': 'bonarea', 'quantity': 'aprox. 693 g'}
[2025-05-24 20:09:16] Supabase Response: data=[{'name': 'Pit de pollastre groc sencer', 'price': 4.54, 'category': 'drinks', 'store_id': 'bonarea', 'quantity': 'aprox. 693 g', 'id': 'fd10c3e4-582e-4084-92bf-fe73fb61487a', 'created_at': '2025-05-24T17:09:15.275839'}] count=None
[2025-05-24 20:09:16] ✅ Successfully inserted: Pit de pollastre groc sencer
[2025-05-24 20:09:16] Attempting to insert product: {'name': 'Pernilets de pollastre groc', 'price': 3.64, 'category': 'drinks', 'store_id': 'bonarea', 'quantity': 'aprox. 1,0 kg'}
[2025-05-24 20:09:16] Supabase Response: data=[{'name': 'Pernilets de pollastre groc', 'price': 3.64, 'category': 'drinks', 'store_id': 'bonarea', 'quantity': 'aprox. 1,0 kg', 'id': '5b4bb922-cf00-4976-b7be-bbd27e14e8ed', 'created_at': '2025-05-24T17:09:15.548869'}] count=None
[2025-05-24 20:09:16] ✅ Successfully inserted: Pernilets de pollastre groc
[2025-05-24 20:09:16] Attempting to insert product: {'name': 'Pit de pollastre blanc sencer', 'price': 4.68, 'category': 'drinks', 'store_id': 'bonarea', 'quantity': 'aprox. 715 g'}
[2025-05-24 20:09:17] Supabase Response: data=[{'name': 'Pit de pollastre blanc sencer', 'price': 4.68, 'category': 'drinks', 'store_id': 'bonarea', 'quantity': 'aprox. 715 g', 'id': 'df336a03-35bc-45df-8ad6-ee78ea3f89fe', 'created_at': '2025-05-24T17:09:15.951685'}] count=None
[2025-05-24 20:09:17] ✅ Successfully inserted: Pit de pollastre blanc sencer
[2025-05-24 20:09:17] Attempting to insert product: {'name': 'Pernilets de pollastre blanc', 'price': 3.8, 'category': 'drinks', 'store_id': 'bonarea', 'quantity': 'aprox. 1,1 kg'}
[2025-05-24 20:09:17] Supabase Response: data=[{'name': 'Pernilets de pollastre blanc', 'price': 3.8, 'category': 'drinks', 'store_id': 'bonarea', 'quantity': 'aprox. 1,1 kg', 'id': '74787eaa-c514-4962-8502-c45994d750ee', 'created_at': '2025-05-24T17:09:16.213281'}] count=None
[2025-05-24 20:09:17] ✅ Successfully inserted: Pernilets de pollastre blanc
[2025-05-24 20:09:17] Attempting to insert product: {'name': 'Pit de pollastre groc filetejat', 'price': 4.69, 'category': 'drinks', 'store_id': 'bonarea', 'quantity': 'aprox. 660 g'}
[2025-05-24 20:09:17] Supabase Response: data=[{'name': 'Pit de pollastre groc filetejat', 'price': 4.69, 'category': 'drinks', 'store_id': 'bonarea', 'quantity': 'aprox. 660 g', 'id': 'd6f0150e-cc64-408a-beb0-63e174fcaf20', 'created_at': '2025-05-24T17:09:16.495351'}] count=None
[2025-05-24 20:09:17] ✅ Successfully inserted: Pit de pollastre groc filetejat
[2025-05-24 20:09:17] Attempting to insert product: {'name': 'Pit de pollastre sencer 65% cereals', 'price': 4.57, 'category': 'drinks', 'store_id': 'bonarea', 'quantity': 'aprox. 605 g'}
[2025-05-24 20:09:18] Supabase Response: data=[{'name': 'Pit de pollastre sencer 65% cereals', 'price': 4.57, 'category': 'drinks', 'store_id': 'bonarea', 'quantity': 'aprox. 605 g', 'id': '7730227b-9a6f-4a4b-bc3d-5a606467a758', 'created_at': '2025-05-24T17:09:16.816615'}] count=None
[2025-05-24 20:09:18] ✅ Successfully inserted: Pit de pollastre sencer 65% cereals
[2025-05-24 20:09:21] Attempting to insert product: {'name': 'Gaspatxo', 'price': 2.85, 'category': 'drinks', 'store_id': 'bonarea', 'quantity': '1 l'}
[2025-05-24 20:09:22] Supabase Response: data=[{'name': 'Gaspatxo', 'price': 2.85, 'category': 'drinks', 'store_id': 'bonarea', 'quantity': '1 l', 'id': '11ad1da8-e930-4ec8-8b15-0fa30b188d91', 'created_at': '2025-05-24T17:09:20.943804'}] count=None
[2025-05-24 20:09:22] ✅ Successfully inserted: Gaspatxo
[2025-05-24 20:09:22] Attempting to insert product: {'name': 'Salmorejo', 'price': 3.15, 'category': 'drinks', 'store_id': 'bonarea', 'quantity': '1 l'}
[2025-05-24 20:09:22] Supabase Response: data=[{'name': 'Salmorejo', 'price': 3.15, 'category': 'drinks', 'store_id': 'bonarea', 'quantity': '1 l', 'id': 'f2e38dc8-94d4-4c25-bb43-bb16092a81b7', 'created_at': '2025-05-24T17:09:21.314392'}] count=None
[2025-05-24 20:09:22] ✅ Successfully inserted: Salmorejo
[2025-05-24 20:09:22] Attempting to insert product: {'name': 'Gaspatxo bric', 'price': 1.95, 'category': 'drinks', 'store_id': 'bonarea', 'quantity': '1 l'}
[2025-05-24 20:09:22] Supabase Response: data=[{'name': 'Gaspatxo bric', 'price': 1.95, 'category': 'drinks', 'store_id': 'bonarea', 'quantity': '1 l', 'id': '222f07e7-d9a2-4307-b672-dae1c780d5dd', 'created_at': '2025-05-24T17:09:21.684457'}] count=None
[2025-05-24 20:09:22] ✅ Successfully inserted: Gaspatxo bric
[2025-05-24 20:09:22] Attempting to insert product: {'name': 'Salmorejo bric', 'price': 2.3, 'category': 'drinks', 'store_id': 'bonarea', 'quantity': '1 l'}
[2025-05-24 20:09:23] Supabase Response: data=[{'name': 'Salmorejo bric', 'price': 2.3, 'category': 'drinks', 'store_id': 'bonarea', 'quantity': '1 l', 'id': '5a885520-1f42-44f6-82ef-6c923551b4f1', 'created_at': '2025-05-24T17:09:22.01059'}] count=None
[2025-05-24 20:09:23] ✅ Successfully inserted: Salmorejo bric
[2025-05-24 20:09:23] Attempting to insert product: {'name': 'Gaspatxo estil andalús', 'price': 1.1, 'category': 'drinks', 'store_id': 'bonarea', 'quantity': '300 g'}
[2025-05-24 20:09:23] Supabase Response: data=[{'name': 'Gaspatxo estil andalús', 'price': 1.1, 'category': 'drinks', 'store_id': 'bonarea', 'quantity': '300 g', 'id': '56dbd761-07db-4ea1-8019-6f342b4e860e', 'created_at': '2025-05-24T17:09:22.248553'}] count=None
[2025-05-24 20:09:23] ✅ Successfully inserted: Gaspatxo estil andalús
[2025-05-24 20:09:23] Attempting to insert product: {'name': 'Gaspatxo de maduixa', 'price': 1.25, 'category': 'drinks', 'store_id': 'bonarea', 'quantity': '300 g'}
[2025-05-24 20:09:23] Supabase Response: data=[{'name': 'Gaspatxo de maduixa', 'price': 1.25, 'category': 'drinks', 'store_id': 'bonarea', 'quantity': '300 g', 'id': '0d77f86a-c8df-4b4c-8c78-6b10fc45aead', 'created_at': '2025-05-24T17:09:22.48705'}] count=None
[2025-05-24 20:09:23] ✅ Successfully inserted: Gaspatxo de maduixa
[2025-05-24 20:09:23] Attempting to insert product: {'name': 'Hummus', 'price': 0.94, 'category': 'drinks', 'store_id': 'bonarea', 'quantity': '200 g'}
[2025-05-24 20:09:23] Supabase Response: data=[{'name': 'Hummus', 'price': 0.94, 'category': 'drinks', 'store_id': 'bonarea', 'quantity': '200 g', 'id': 'b67f0924-d6e1-4f91-be23-01c2455946a0', 'created_at': '2025-05-24T17:09:22.72516'}] count=None
[2025-05-24 20:09:23] ✅ Successfully inserted: Hummus
[2025-05-24 20:09:23] Attempting to insert product: {'name': 'Cap de llom filetejat a la planxa', 'price': 2.4, 'category': 'drinks', 'store_id': 'bonarea', 'quantity': 'aprox. 198 g'}
[2025-05-24 20:09:24] Supabase Response: data=[{'name': 'Cap de llom filetejat a la planxa', 'price': 2.4, 'category': 'drinks', 'store_id': 'bonarea', 'quantity': 'aprox. 198 g', 'id': '40e3ba70-afb8-471b-a26d-1be655f8c2a0', 'created_at': '2025-05-24T17:09:22.965443'}] count=None
[2025-05-24 20:09:24] ✅ Successfully inserted: Cap de llom filetejat a la planxa
[2025-05-24 20:09:24] Attempting to insert product: {'name': "Conill d'espatlla d'anoll", 'price': 16.91, 'category': 'drinks', 'store_id': 'bonarea', 'quantity': 'aprox. 1,6 kg'}
[2025-05-24 20:09:24] Supabase Response: data=[{'name': "Conill d'espatlla d'anoll", 'price': 16.91, 'category': 'drinks', 'store_id': 'bonarea', 'quantity': 'aprox. 1,6 kg', 'id': '6cde21ef-7160-410d-896c-efd926f3ac12', 'created_at': '2025-05-24T17:09:23.222845'}] count=None
[2025-05-24 20:09:24] ✅ Successfully inserted: Conill d'espatlla d'anoll
[2025-05-24 20:09:24] Attempting to insert product: {'name': "Jarret d'anoll", 'price': 22.76, 'category': 'drinks', 'store_id': 'bonarea', 'quantity': 'aprox. 2,0 kg'}
[2025-05-24 20:09:24] Supabase Response: data=[{'name': "Jarret d'anoll", 'price': 22.76, 'category': 'drinks', 'store_id': 'bonarea', 'quantity': 'aprox. 2,0 kg', 'id': '2357d7c8-c9ea-4f71-965c-38cd968274b5', 'created_at': '2025-05-24T17:09:23.503434'}] count=None
[2025-05-24 20:09:24] ✅ Successfully inserted: Jarret d'anoll
[2025-05-24 20:09:24] Attempting to insert product: {'name': 'Mixt de bull negre i donegal', 'price': 1.1, 'category': 'drinks', 'store_id': 'bonarea', 'quantity': 'aprox. 143 g'}
[2025-05-24 20:09:24] Supabase Response: data=[{'name': 'Mixt de bull negre i donegal', 'price': 1.1, 'category': 'drinks', 'store_id': 'bonarea', 'quantity': 'aprox. 143 g', 'id': '6eb1a804-1216-4504-85bd-1f8616f62d75', 'created_at': '2025-05-24T17:09:23.747109'}] count=None
[2025-05-24 20:09:24] ✅ Successfully inserted: Mixt de bull negre i donegal
[2025-05-24 20:09:24] Attempting to insert product: {'name': 'Càpsules Nescafé Dolce Gusto espresso intens', 'price': 4.25, 'category': 'drinks', 'store_id': 'bonarea', 'quantity': '16 u.'}
[2025-05-24 20:09:25] Supabase Response: data=[{'name': 'Càpsules Nescafé Dolce Gusto espresso intens', 'price': 4.25, 'category': 'drinks', 'store_id': 'bonarea', 'quantity': '16 u.', 'id': '8404a63b-f2b5-4ad6-9186-0acc8603f62e', 'created_at': '2025-05-24T17:09:23.988799'}] count=None
[2025-05-24 20:09:25] ✅ Successfully inserted: Càpsules Nescafé Dolce Gusto espresso intens
[2025-05-24 20:09:25] Attempting to insert product: {'name': 'Salmó adults', 'price': 13.8, 'category': 'drinks', 'store_id': 'bonarea', 'quantity': '10 kg'}
[2025-05-24 20:09:25] Supabase Response: data=[{'name': 'Salmó adults', 'price': 13.8, 'category': 'drinks', 'store_id': 'bonarea', 'quantity': '10 kg', 'id': '0b31110c-e9bb-4a62-89b7-240550eabaa0', 'created_at': '2025-05-24T17:09:24.25612'}] count=None
[2025-05-24 20:09:25] ✅ Successfully inserted: Salmó adults
[2025-05-24 20:09:25] Attempting to insert product: {'name': 'Salmó adults', 'price': 4.44, 'category': 'drinks', 'store_id': 'bonarea', 'quantity': '3 kg'}
[2025-05-24 20:09:25] Supabase Response: data=[{'name': 'Salmó adults', 'price': 4.44, 'category': 'drinks', 'store_id': 'bonarea', 'quantity': '3 kg', 'id': '0ec0d363-e2c3-4343-bc12-cf93fdbbfa8e', 'created_at': '2025-05-24T17:09:24.499424'}] count=None
[2025-05-24 20:09:25] ✅ Successfully inserted: Salmó adults
[2025-05-24 20:09:25] Attempting to insert product: {'name': 'Original adults', 'price': 13.6, 'category': 'drinks', 'store_id': 'bonarea', 'quantity': '10 kg'}
[2025-05-24 20:09:25] Supabase Response: data=[{'name': 'Original adults', 'price': 13.6, 'category': 'drinks', 'store_id': 'bonarea', 'quantity': '10 kg', 'id': '2a4d0e83-4f26-4435-af16-b041b20ad76a', 'created_at': '2025-05-24T17:09:24.744147'}] count=None
[2025-05-24 20:09:25] ✅ Successfully inserted: Original adults
[2025-05-24 20:09:25] Attempting to insert product: {'name': 'Original adults', 'price': 4.38, 'category': 'drinks', 'store_id': 'bonarea', 'quantity': '3 kg'}
[2025-05-24 20:09:26] Supabase Response: data=[{'name': 'Original adults', 'price': 4.38, 'category': 'drinks', 'store_id': 'bonarea', 'quantity': '3 kg', 'id': 'd40c66a1-db8f-41ba-80c7-94f5457b11ac', 'created_at': '2025-05-24T17:09:25.016636'}] count=None
[2025-05-24 20:09:26] ✅ Successfully inserted: Original adults
[2025-05-24 20:09:26] Attempting to insert product: {'name': 'Junior 2-12 mesos', 'price': 15.9, 'category': 'drinks', 'store_id': 'bonarea', 'quantity': '10 kg'}
[2025-05-24 20:09:26] Supabase Response: data=[{'name': 'Junior 2-12 mesos', 'price': 15.9, 'category': 'drinks', 'store_id': 'bonarea', 'quantity': '10 kg', 'id': '93cc11ca-8ca8-4278-b7f3-fffd8e003c4e', 'created_at': '2025-05-24T17:09:25.267003'}] count=None
[2025-05-24 20:09:26] ✅ Successfully inserted: Junior 2-12 mesos
[2025-05-24 20:09:26] Attempting to insert product: {'name': 'Junior 2-12 mesos', 'price': 5.07, 'category': 'drinks', 'store_id': 'bonarea', 'quantity': '3 kg'}
[2025-05-24 20:09:26] Supabase Response: data=[{'name': 'Junior 2-12 mesos', 'price': 5.07, 'category': 'drinks', 'store_id': 'bonarea', 'quantity': '3 kg', 'id': 'd89af972-5137-4129-b2c8-113ddd7a5942', 'created_at': '2025-05-24T17:09:25.529614'}] count=None
[2025-05-24 20:09:26] ✅ Successfully inserted: Junior 2-12 mesos
[2025-05-24 20:09:26] Attempting to insert product: {'name': 'Pit de pollastre groc sencer', 'price': 4.54, 'category': 'drinks', 'store_id': 'bonarea', 'quantity': 'aprox. 693 g'}
[2025-05-24 20:09:26] Supabase Response: data=[{'name': 'Pit de pollastre groc sencer', 'price': 4.54, 'category': 'drinks', 'store_id': 'bonarea', 'quantity': 'aprox. 693 g', 'id': 'a3cbfa38-459a-4076-8322-cd675982aeaf', 'created_at': '2025-05-24T17:09:25.782298'}] count=None
[2025-05-24 20:09:26] ✅ Successfully inserted: Pit de pollastre groc sencer
[2025-05-24 20:09:26] Attempting to insert product: {'name': 'Pernilets de pollastre groc', 'price': 3.64, 'category': 'drinks', 'store_id': 'bonarea', 'quantity': 'aprox. 1,0 kg'}
[2025-05-24 20:09:27] Supabase Response: data=[{'name': 'Pernilets de pollastre groc', 'price': 3.64, 'category': 'drinks', 'store_id': 'bonarea', 'quantity': 'aprox. 1,0 kg', 'id': '90381651-0eda-4dec-9899-e02685731153', 'created_at': '2025-05-24T17:09:26.025595'}] count=None
[2025-05-24 20:09:27] ✅ Successfully inserted: Pernilets de pollastre groc
[2025-05-24 20:09:27] Attempting to insert product: {'name': 'Pit de pollastre blanc sencer', 'price': 4.68, 'category': 'drinks', 'store_id': 'bonarea', 'quantity': 'aprox. 715 g'}
[2025-05-24 20:09:27] Supabase Response: data=[{'name': 'Pit de pollastre blanc sencer', 'price': 4.68, 'category': 'drinks', 'store_id': 'bonarea', 'quantity': 'aprox. 715 g', 'id': 'a552d568-d495-45d7-b1cf-c48dcc25f367', 'created_at': '2025-05-24T17:09:26.271557'}] count=None
[2025-05-24 20:09:27] ✅ Successfully inserted: Pit de pollastre blanc sencer
[2025-05-24 20:09:27] Attempting to insert product: {'name': 'Pernilets de pollastre blanc', 'price': 3.8, 'category': 'drinks', 'store_id': 'bonarea', 'quantity': 'aprox. 1,1 kg'}
[2025-05-24 20:09:27] Supabase Response: data=[{'name': 'Pernilets de pollastre blanc', 'price': 3.8, 'category': 'drinks', 'store_id': 'bonarea', 'quantity': 'aprox. 1,1 kg', 'id': '91df1694-f20e-40d4-9127-51fde0c56651', 'created_at': '2025-05-24T17:09:26.560482'}] count=None
[2025-05-24 20:09:27] ✅ Successfully inserted: Pernilets de pollastre blanc
[2025-05-24 20:09:27] Attempting to insert product: {'name': 'Pit de pollastre groc filetejat', 'price': 4.69, 'category': 'drinks', 'store_id': 'bonarea', 'quantity': 'aprox. 660 g'}
[2025-05-24 20:09:28] Supabase Response: data=[{'name': 'Pit de pollastre groc filetejat', 'price': 4.69, 'category': 'drinks', 'store_id': 'bonarea', 'quantity': 'aprox. 660 g', 'id': '39f52383-b4f4-409d-9305-2387132f6508', 'created_at': '2025-05-24T17:09:26.865447'}] count=None
[2025-05-24 20:09:28] ✅ Successfully inserted: Pit de pollastre groc filetejat
[2025-05-24 20:09:28] Attempting to insert product: {'name': 'Pit de pollastre sencer 65% cereals', 'price': 4.57, 'category': 'drinks', 'store_id': 'bonarea', 'quantity': 'aprox. 605 g'}
[2025-05-24 20:09:28] Supabase Response: data=[{'name': 'Pit de pollastre sencer 65% cereals', 'price': 4.57, 'category': 'drinks', 'store_id': 'bonarea', 'quantity': 'aprox. 605 g', 'id': 'ff6dbce8-9e4d-40bc-af97-d752e7958e9b', 'created_at': '2025-05-24T17:09:27.157614'}] count=None
[2025-05-24 20:09:28] ✅ Successfully inserted: Pit de pollastre sencer 65% cereals
[2025-05-24 20:09:32] Attempting to insert product: {'name': 'Gaspatxo', 'price': 2.85, 'category': 'drinks', 'store_id': 'bonarea', 'quantity': '1 l'}
[2025-05-24 20:09:32] Supabase Response: data=[{'name': 'Gaspatxo', 'price': 2.85, 'category': 'drinks', 'store_id': 'bonarea', 'quantity': '1 l', 'id': '91cf9b6f-cdac-4fb9-bfd4-aef0757a2a31', 'created_at': '2025-05-24T17:09:31.135245'}] count=None
[2025-05-24 20:09:32] ✅ Successfully inserted: Gaspatxo
[2025-05-24 20:09:32] Attempting to insert product: {'name': 'Salmorejo', 'price': 3.15, 'category': 'drinks', 'store_id': 'bonarea', 'quantity': '1 l'}
[2025-05-24 20:09:32] Supabase Response: data=[{'name': 'Salmorejo', 'price': 3.15, 'category': 'drinks', 'store_id': 'bonarea', 'quantity': '1 l', 'id': '75ef1781-b76a-440b-8ead-11c4854378f3', 'created_at': '2025-05-24T17:09:31.46269'}] count=None
[2025-05-24 20:09:32] ✅ Successfully inserted: Salmorejo
[2025-05-24 20:09:32] Attempting to insert product: {'name': 'Gaspatxo bric', 'price': 1.95, 'category': 'drinks', 'store_id': 'bonarea', 'quantity': '1 l'}
[2025-05-24 20:09:33] Supabase Response: data=[{'name': 'Gaspatxo bric', 'price': 1.95, 'category': 'drinks', 'store_id': 'bonarea', 'quantity': '1 l', 'id': 'd8b0e7f1-7d47-464b-937a-c46eb6255af9', 'created_at': '2025-05-24T17:09:31.833144'}] count=None
[2025-05-24 20:09:33] ✅ Successfully inserted: Gaspatxo bric
[2025-05-24 20:09:33] Attempting to insert product: {'name': 'Salmorejo bric', 'price': 2.3, 'category': 'drinks', 'store_id': 'bonarea', 'quantity': '1 l'}
[2025-05-24 20:09:33] Supabase Response: data=[{'name': 'Salmorejo bric', 'price': 2.3, 'category': 'drinks', 'store_id': 'bonarea', 'quantity': '1 l', 'id': 'dc2344fe-f16c-4979-9ae6-624fcf1e0d77', 'created_at': '2025-05-24T17:09:32.175824'}] count=None
[2025-05-24 20:09:33] ✅ Successfully inserted: Salmorejo bric
[2025-05-24 20:09:33] Attempting to insert product: {'name': 'Gaspatxo estil andalús', 'price': 1.1, 'category': 'drinks', 'store_id': 'bonarea', 'quantity': '300 g'}
[2025-05-24 20:09:33] Supabase Response: data=[{'name': 'Gaspatxo estil andalús', 'price': 1.1, 'category': 'drinks', 'store_id': 'bonarea', 'quantity': '300 g', 'id': '0d2e4050-5278-47fd-9255-fafef72e1f2b', 'created_at': '2025-05-24T17:09:32.485702'}] count=None
[2025-05-24 20:09:33] ✅ Successfully inserted: Gaspatxo estil andalús
[2025-05-24 20:09:33] Attempting to insert product: {'name': 'Gaspatxo de maduixa', 'price': 1.25, 'category': 'drinks', 'store_id': 'bonarea', 'quantity': '300 g'}
[2025-05-24 20:09:33] Supabase Response: data=[{'name': 'Gaspatxo de maduixa', 'price': 1.25, 'category': 'drinks', 'store_id': 'bonarea', 'quantity': '300 g', 'id': '2644305a-32c0-45db-8a4c-363a8becbaae', 'created_at': '2025-05-24T17:09:32.755277'}] count=None
[2025-05-24 20:09:33] ✅ Successfully inserted: Gaspatxo de maduixa
[2025-05-24 20:09:33] Attempting to insert product: {'name': 'Hummus', 'price': 0.94, 'category': 'drinks', 'store_id': 'bonarea', 'quantity': '200 g'}
[2025-05-24 20:09:34] Supabase Response: data=[{'name': 'Hummus', 'price': 0.94, 'category': 'drinks', 'store_id': 'bonarea', 'quantity': '200 g', 'id': '57a98371-69d7-4d6a-9326-6136180ff60d', 'created_at': '2025-05-24T17:09:33.011468'}] count=None
[2025-05-24 20:09:34] ✅ Successfully inserted: Hummus
[2025-05-24 20:09:34] Attempting to insert product: {'name': 'Cap de llom filetejat a la planxa', 'price': 2.4, 'category': 'drinks', 'store_id': 'bonarea', 'quantity': 'aprox. 198 g'}
[2025-05-24 20:09:34] Supabase Response: data=[{'name': 'Cap de llom filetejat a la planxa', 'price': 2.4, 'category': 'drinks', 'store_id': 'bonarea', 'quantity': 'aprox. 198 g', 'id': 'd45b7b5d-9f77-45c5-b9a4-027e06ec4efe', 'created_at': '2025-05-24T17:09:33.332804'}] count=None
[2025-05-24 20:09:34] ✅ Successfully inserted: Cap de llom filetejat a la planxa
[2025-05-24 20:09:34] Attempting to insert product: {'name': "Conill d'espatlla d'anoll", 'price': 16.91, 'category': 'drinks', 'store_id': 'bonarea', 'quantity': 'aprox. 1,6 kg'}
[2025-05-24 20:09:34] Supabase Response: data=[{'name': "Conill d'espatlla d'anoll", 'price': 16.91, 'category': 'drinks', 'store_id': 'bonarea', 'quantity': 'aprox. 1,6 kg', 'id': '2ae1eab6-6a0e-469f-a0bc-6e0eaf11bfbb', 'created_at': '2025-05-24T17:09:33.611212'}] count=None
[2025-05-24 20:09:34] ✅ Successfully inserted: Conill d'espatlla d'anoll
[2025-05-24 20:09:34] Attempting to insert product: {'name': "Jarret d'anoll", 'price': 22.76, 'category': 'drinks', 'store_id': 'bonarea', 'quantity': 'aprox. 2,0 kg'}
[2025-05-24 20:09:35] Supabase Response: data=[{'name': "Jarret d'anoll", 'price': 22.76, 'category': 'drinks', 'store_id': 'bonarea', 'quantity': 'aprox. 2,0 kg', 'id': '7501f09e-feae-46df-b73f-c51754f25e52', 'created_at': '2025-05-24T17:09:33.913715'}] count=None
[2025-05-24 20:09:35] ✅ Successfully inserted: Jarret d'anoll
[2025-05-24 20:09:35] Attempting to insert product: {'name': 'Mixt de bull negre i donegal', 'price': 1.1, 'category': 'drinks', 'store_id': 'bonarea', 'quantity': 'aprox. 143 g'}
[2025-05-24 20:09:35] Supabase Response: data=[{'name': 'Mixt de bull negre i donegal', 'price': 1.1, 'category': 'drinks', 'store_id': 'bonarea', 'quantity': 'aprox. 143 g', 'id': '08a33e17-7a7a-4f3f-9c49-59e5fa68c49b', 'created_at': '2025-05-24T17:09:34.285201'}] count=None
[2025-05-24 20:09:35] ✅ Successfully inserted: Mixt de bull negre i donegal
[2025-05-24 20:09:35] Attempting to insert product: {'name': 'Càpsules Nescafé Dolce Gusto espresso intens', 'price': 4.25, 'category': 'drinks', 'store_id': 'bonarea', 'quantity': '16 u.'}
[2025-05-24 20:09:35] Supabase Response: data=[{'name': 'Càpsules Nescafé Dolce Gusto espresso intens', 'price': 4.25, 'category': 'drinks', 'store_id': 'bonarea', 'quantity': '16 u.', 'id': '7960cc06-41ef-488d-a834-ccc44f9a00a3', 'created_at': '2025-05-24T17:09:34.549611'}] count=None
[2025-05-24 20:09:35] ✅ Successfully inserted: Càpsules Nescafé Dolce Gusto espresso intens
[2025-05-24 20:09:35] Attempting to insert product: {'name': 'Salmó adults', 'price': 13.8, 'category': 'drinks', 'store_id': 'bonarea', 'quantity': '10 kg'}
[2025-05-24 20:09:35] Supabase Response: data=[{'name': 'Salmó adults', 'price': 13.8, 'category': 'drinks', 'store_id': 'bonarea', 'quantity': '10 kg', 'id': '2a3b888d-94dd-424e-8a89-53d3554b870b', 'created_at': '2025-05-24T17:09:34.792214'}] count=None
[2025-05-24 20:09:35] ✅ Successfully inserted: Salmó adults
[2025-05-24 20:09:35] Attempting to insert product: {'name': 'Salmó adults', 'price': 4.44, 'category': 'drinks', 'store_id': 'bonarea', 'quantity': '3 kg'}
[2025-05-24 20:09:36] Supabase Response: data=[{'name': 'Salmó adults', 'price': 4.44, 'category': 'drinks', 'store_id': 'bonarea', 'quantity': '3 kg', 'id': 'c03530ce-8631-4037-8f0f-3bdfea4569d5', 'created_at': '2025-05-24T17:09:35.057579'}] count=None
[2025-05-24 20:09:36] ✅ Successfully inserted: Salmó adults
[2025-05-24 20:09:36] Attempting to insert product: {'name': 'Original adults', 'price': 13.6, 'category': 'drinks', 'store_id': 'bonarea', 'quantity': '10 kg'}
[2025-05-24 20:09:36] Supabase Response: data=[{'name': 'Original adults', 'price': 13.6, 'category': 'drinks', 'store_id': 'bonarea', 'quantity': '10 kg', 'id': '3fe270aa-00ad-4f74-96c6-2bf4920c8787', 'created_at': '2025-05-24T17:09:35.310227'}] count=None
[2025-05-24 20:09:36] ✅ Successfully inserted: Original adults
[2025-05-24 20:09:36] Attempting to insert product: {'name': 'Original adults', 'price': 4.38, 'category': 'drinks', 'store_id': 'bonarea', 'quantity': '3 kg'}
[2025-05-24 20:09:36] Supabase Response: data=[{'name': 'Original adults', 'price': 4.38, 'category': 'drinks', 'store_id': 'bonarea', 'quantity': '3 kg', 'id': '92a4967b-dd02-46eb-b5e2-07148b5e2a9e', 'created_at': '2025-05-24T17:09:35.56092'}] count=None
[2025-05-24 20:09:36] ✅ Successfully inserted: Original adults
[2025-05-24 20:09:36] Attempting to insert product: {'name': 'Junior 2-12 mesos', 'price': 15.9, 'category': 'drinks', 'store_id': 'bonarea', 'quantity': '10 kg'}
[2025-05-24 20:09:36] Supabase Response: data=[{'name': 'Junior 2-12 mesos', 'price': 15.9, 'category': 'drinks', 'store_id': 'bonarea', 'quantity': '10 kg', 'id': '881fcd38-bc4f-4641-978e-33d598eca5f0', 'created_at': '2025-05-24T17:09:35.806272'}] count=None
[2025-05-24 20:09:36] ✅ Successfully inserted: Junior 2-12 mesos
[2025-05-24 20:09:37] Attempting to insert product: {'name': 'Junior 2-12 mesos', 'price': 5.07, 'category': 'drinks', 'store_id': 'bonarea', 'quantity': '3 kg'}
[2025-05-24 20:09:37] Supabase Response: data=[{'name': 'Junior 2-12 mesos', 'price': 5.07, 'category': 'drinks', 'store_id': 'bonarea', 'quantity': '3 kg', 'id': '52de8a1d-4cac-417b-98f2-010038b28dae', 'created_at': '2025-05-24T17:09:36.049909'}] count=None
[2025-05-24 20:09:37] ✅ Successfully inserted: Junior 2-12 mesos
[2025-05-24 20:09:37] Attempting to insert product: {'name': 'Pit de pollastre groc sencer', 'price': 4.54, 'category': 'drinks', 'store_id': 'bonarea', 'quantity': 'aprox. 693 g'}
[2025-05-24 20:09:37] Supabase Response: data=[{'name': 'Pit de pollastre groc sencer', 'price': 4.54, 'category': 'drinks', 'store_id': 'bonarea', 'quantity': 'aprox. 693 g', 'id': '30f1c2c2-8d1b-4eca-9316-f7d0398a708c', 'created_at': '2025-05-24T17:09:36.292002'}] count=None
[2025-05-24 20:09:37] ✅ Successfully inserted: Pit de pollastre groc sencer
[2025-05-24 20:09:37] Attempting to insert product: {'name': 'Pernilets de pollastre groc', 'price': 3.64, 'category': 'drinks', 'store_id': 'bonarea', 'quantity': 'aprox. 1,0 kg'}
[2025-05-24 20:09:37] Supabase Response: data=[{'name': 'Pernilets de pollastre groc', 'price': 3.64, 'category': 'drinks', 'store_id': 'bonarea', 'quantity': 'aprox. 1,0 kg', 'id': '17d2ba43-c1b9-43f8-a9b3-bfad8eea64df', 'created_at': '2025-05-24T17:09:36.533889'}] count=None
[2025-05-24 20:09:37] ✅ Successfully inserted: Pernilets de pollastre groc
[2025-05-24 20:09:37] Attempting to insert product: {'name': 'Pit de pollastre blanc sencer', 'price': 4.68, 'category': 'drinks', 'store_id': 'bonarea', 'quantity': 'aprox. 715 g'}
[2025-05-24 20:09:38] Supabase Response: data=[{'name': 'Pit de pollastre blanc sencer', 'price': 4.68, 'category': 'drinks', 'store_id': 'bonarea', 'quantity': 'aprox. 715 g', 'id': '85070753-1824-4d28-9405-a507745b0594', 'created_at': '2025-05-24T17:09:36.882553'}] count=None
[2025-05-24 20:09:38] ✅ Successfully inserted: Pit de pollastre blanc sencer
[2025-05-24 20:09:38] Attempting to insert product: {'name': 'Pernilets de pollastre blanc', 'price': 3.8, 'category': 'drinks', 'store_id': 'bonarea', 'quantity': 'aprox. 1,1 kg'}
[2025-05-24 20:09:38] Supabase Response: data=[{'name': 'Pernilets de pollastre blanc', 'price': 3.8, 'category': 'drinks', 'store_id': 'bonarea', 'quantity': 'aprox. 1,1 kg', 'id': 'c784bae8-1fc3-4e86-b59a-4366b4a45be1', 'created_at': '2025-05-24T17:09:37.197681'}] count=None
[2025-05-24 20:09:38] ✅ Successfully inserted: Pernilets de pollastre blanc
[2025-05-24 20:09:38] Attempting to insert product: {'name': 'Pit de pollastre groc filetejat', 'price': 4.69, 'category': 'drinks', 'store_id': 'bonarea', 'quantity': 'aprox. 660 g'}
[2025-05-24 20:09:38] Supabase Response: data=[{'name': 'Pit de pollastre groc filetejat', 'price': 4.69, 'category': 'drinks', 'store_id': 'bonarea', 'quantity': 'aprox. 660 g', 'id': '0483a98b-7ba9-4452-917c-05b08a3da60f', 'created_at': '2025-05-24T17:09:37.499639'}] count=None
[2025-05-24 20:09:38] ✅ Successfully inserted: Pit de pollastre groc filetejat
[2025-05-24 20:09:38] Attempting to insert product: {'name': 'Pit de pollastre sencer 65% cereals', 'price': 4.57, 'category': 'drinks', 'store_id': 'bonarea', 'quantity': 'aprox. 605 g'}
[2025-05-24 20:09:39] Supabase Response: data=[{'name': 'Pit de pollastre sencer 65% cereals', 'price': 4.57, 'category': 'drinks', 'store_id': 'bonarea', 'quantity': 'aprox. 605 g', 'id': 'ec35a89d-5101-4a26-b41c-8861bfb0ffac', 'created_at': '2025-05-24T17:09:37.806221'}] count=None
[2025-05-24 20:09:39] ✅ Successfully inserted: Pit de pollastre sencer 65% cereals
[2025-05-24 20:09:42] Attempting to insert product: {'name': 'Gaspatxo', 'price': 2.85, 'category': 'drinks', 'store_id': 'bonarea', 'quantity': '1 l'}
[2025-05-24 20:09:43] Supabase Response: data=[{'name': 'Gaspatxo', 'price': 2.85, 'category': 'drinks', 'store_id': 'bonarea', 'quantity': '1 l', 'id': 'e89d7860-4627-4b1f-a495-86233a97dbb2', 'created_at': '2025-05-24T17:09:41.909564'}] count=None
[2025-05-24 20:09:43] ✅ Successfully inserted: Gaspatxo
[2025-05-24 20:09:43] Attempting to insert product: {'name': 'Salmorejo', 'price': 3.15, 'category': 'drinks', 'store_id': 'bonarea', 'quantity': '1 l'}
[2025-05-24 20:09:43] Supabase Response: data=[{'name': 'Salmorejo', 'price': 3.15, 'category': 'drinks', 'store_id': 'bonarea', 'quantity': '1 l', 'id': '6685a77f-d0aa-4599-ab5d-1b186534bcf8', 'created_at': '2025-05-24T17:09:42.209772'}] count=None
[2025-05-24 20:09:43] ✅ Successfully inserted: Salmorejo
[2025-05-24 20:09:43] Attempting to insert product: {'name': 'Gaspatxo bric', 'price': 1.95, 'category': 'drinks', 'store_id': 'bonarea', 'quantity': '1 l'}
[2025-05-24 20:09:43] Supabase Response: data=[{'name': 'Gaspatxo bric', 'price': 1.95, 'category': 'drinks', 'store_id': 'bonarea', 'quantity': '1 l', 'id': '2b700ad2-9c50-41b1-a57b-549cf31fc6b3', 'created_at': '2025-05-24T17:09:42.51812'}] count=None
[2025-05-24 20:09:43] ✅ Successfully inserted: Gaspatxo bric
[2025-05-24 20:09:43] Attempting to insert product: {'name': 'Salmorejo bric', 'price': 2.3, 'category': 'drinks', 'store_id': 'bonarea', 'quantity': '1 l'}
[2025-05-24 20:09:43] Supabase Response: data=[{'name': 'Salmorejo bric', 'price': 2.3, 'category': 'drinks', 'store_id': 'bonarea', 'quantity': '1 l', 'id': 'b80840e1-1a9e-4406-b5d6-5237a6139d2a', 'created_at': '2025-05-24T17:09:42.77616'}] count=None
[2025-05-24 20:09:43] ✅ Successfully inserted: Salmorejo bric
[2025-05-24 20:09:43] Attempting to insert product: {'name': 'Gaspatxo estil andalús', 'price': 1.1, 'category': 'drinks', 'store_id': 'bonarea', 'quantity': '300 g'}
[2025-05-24 20:09:44] Supabase Response: data=[{'name': 'Gaspatxo estil andalús', 'price': 1.1, 'category': 'drinks', 'store_id': 'bonarea', 'quantity': '300 g', 'id': '3a11aa99-7f9b-4652-91cc-8a510779b463', 'created_at': '2025-05-24T17:09:43.030285'}] count=None
[2025-05-24 20:09:44] ✅ Successfully inserted: Gaspatxo estil andalús
[2025-05-24 20:09:44] Attempting to insert product: {'name': 'Gaspatxo de maduixa', 'price': 1.25, 'category': 'drinks', 'store_id': 'bonarea', 'quantity': '300 g'}
[2025-05-24 20:09:44] Supabase Response: data=[{'name': 'Gaspatxo de maduixa', 'price': 1.25, 'category': 'drinks', 'store_id': 'bonarea', 'quantity': '300 g', 'id': '7c4e97e2-3153-415c-9cbd-aae4feea70b4', 'created_at': '2025-05-24T17:09:43.311236'}] count=None
[2025-05-24 20:09:44] ✅ Successfully inserted: Gaspatxo de maduixa
[2025-05-24 20:09:44] Attempting to insert product: {'name': 'Hummus', 'price': 0.94, 'category': 'drinks', 'store_id': 'bonarea', 'quantity': '200 g'}
[2025-05-24 20:09:44] Supabase Response: data=[{'name': 'Hummus', 'price': 0.94, 'category': 'drinks', 'store_id': 'bonarea', 'quantity': '200 g', 'id': '2d147713-c2ea-46ed-a6b3-f60ae68f1a63', 'created_at': '2025-05-24T17:09:43.556995'}] count=None
[2025-05-24 20:09:44] ✅ Successfully inserted: Hummus
[2025-05-24 20:09:44] Attempting to insert product: {'name': 'Cap de llom filetejat a la planxa', 'price': 2.4, 'category': 'drinks', 'store_id': 'bonarea', 'quantity': 'aprox. 198 g'}
[2025-05-24 20:09:45] Supabase Response: data=[{'name': 'Cap de llom filetejat a la planxa', 'price': 2.4, 'category': 'drinks', 'store_id': 'bonarea', 'quantity': 'aprox. 198 g', 'id': '7d3fd26f-cdd8-4306-878f-98d412f0e666', 'created_at': '2025-05-24T17:09:43.804908'}] count=None
[2025-05-24 20:09:45] ✅ Successfully inserted: Cap de llom filetejat a la planxa
[2025-05-24 20:09:45] Attempting to insert product: {'name': "Conill d'espatlla d'anoll", 'price': 16.91, 'category': 'drinks', 'store_id': 'bonarea', 'quantity': 'aprox. 1,6 kg'}
[2025-05-24 20:09:45] Supabase Response: data=[{'name': "Conill d'espatlla d'anoll", 'price': 16.91, 'category': 'drinks', 'store_id': 'bonarea', 'quantity': 'aprox. 1,6 kg', 'id': '6b2dfb01-6c8f-4d37-8e55-43a2a0501a15', 'created_at': '2025-05-24T17:09:44.175887'}] count=None
[2025-05-24 20:09:45] ✅ Successfully inserted: Conill d'espatlla d'anoll
[2025-05-24 20:09:45] Attempting to insert product: {'name': "Jarret d'anoll", 'price': 22.76, 'category': 'drinks', 'store_id': 'bonarea', 'quantity': 'aprox. 2,0 kg'}
[2025-05-24 20:09:45] Supabase Response: data=[{'name': "Jarret d'anoll", 'price': 22.76, 'category': 'drinks', 'store_id': 'bonarea', 'quantity': 'aprox. 2,0 kg', 'id': '19cd78a8-e49b-43c0-8a7b-ded42d92de13', 'created_at': '2025-05-24T17:09:44.425581'}] count=None
[2025-05-24 20:09:45] ✅ Successfully inserted: Jarret d'anoll
[2025-05-24 20:09:45] Attempting to insert product: {'name': 'Mixt de bull negre i donegal', 'price': 1.1, 'category': 'drinks', 'store_id': 'bonarea', 'quantity': 'aprox. 143 g'}
[2025-05-24 20:09:45] Supabase Response: data=[{'name': 'Mixt de bull negre i donegal', 'price': 1.1, 'category': 'drinks', 'store_id': 'bonarea', 'quantity': 'aprox. 143 g', 'id': '59e977b1-8e7b-4753-bfa0-f3fc1b167fba', 'created_at': '2025-05-24T17:09:44.667146'}] count=None
[2025-05-24 20:09:45] ✅ Successfully inserted: Mixt de bull negre i donegal
[2025-05-24 20:09:45] Attempting to insert product: {'name': 'Càpsules Nescafé Dolce Gusto espresso intens', 'price': 4.25, 'category': 'drinks', 'store_id': 'bonarea', 'quantity': '16 u.'}
[2025-05-24 20:09:46] Supabase Response: data=[{'name': 'Càpsules Nescafé Dolce Gusto espresso intens', 'price': 4.25, 'category': 'drinks', 'store_id': 'bonarea', 'quantity': '16 u.', 'id': '725de256-0837-4223-99e9-eb1d67849c09', 'created_at': '2025-05-24T17:09:44.934607'}] count=None
[2025-05-24 20:09:46] ✅ Successfully inserted: Càpsules Nescafé Dolce Gusto espresso intens
[2025-05-24 20:09:46] Attempting to insert product: {'name': 'Salmó adults', 'price': 13.8, 'category': 'drinks', 'store_id': 'bonarea', 'quantity': '10 kg'}
[2025-05-24 20:09:46] Supabase Response: data=[{'name': 'Salmó adults', 'price': 13.8, 'category': 'drinks', 'store_id': 'bonarea', 'quantity': '10 kg', 'id': '7ff7a9ba-4e8f-40f4-99ff-02cf1accdd11', 'created_at': '2025-05-24T17:09:45.173964'}] count=None
[2025-05-24 20:09:46] ✅ Successfully inserted: Salmó adults
[2025-05-24 20:09:46] Attempting to insert product: {'name': 'Salmó adults', 'price': 4.44, 'category': 'drinks', 'store_id': 'bonarea', 'quantity': '3 kg'}
[2025-05-24 20:09:46] Supabase Response: data=[{'name': 'Salmó adults', 'price': 4.44, 'category': 'drinks', 'store_id': 'bonarea', 'quantity': '3 kg', 'id': '190c79cf-837a-485f-b5e2-77e614b7bbf1', 'created_at': '2025-05-24T17:09:45.441106'}] count=None
[2025-05-24 20:09:46] ✅ Successfully inserted: Salmó adults
[2025-05-24 20:09:46] Attempting to insert product: {'name': 'Original adults', 'price': 13.6, 'category': 'drinks', 'store_id': 'bonarea', 'quantity': '10 kg'}
[2025-05-24 20:09:46] Supabase Response: data=[{'name': 'Original adults', 'price': 13.6, 'category': 'drinks', 'store_id': 'bonarea', 'quantity': '10 kg', 'id': 'e3707447-ec46-4c18-8764-73057d4ecbe7', 'created_at': '2025-05-24T17:09:45.688317'}] count=None
[2025-05-24 20:09:46] ✅ Successfully inserted: Original adults
[2025-05-24 20:09:46] Attempting to insert product: {'name': 'Original adults', 'price': 4.38, 'category': 'drinks', 'store_id': 'bonarea', 'quantity': '3 kg'}
[2025-05-24 20:09:47] Supabase Response: data=[{'name': 'Original adults', 'price': 4.38, 'category': 'drinks', 'store_id': 'bonarea', 'quantity': '3 kg', 'id': '26807021-db6f-4b14-a21a-49eade5723d2', 'created_at': '2025-05-24T17:09:45.948323'}] count=None
[2025-05-24 20:09:47] ✅ Successfully inserted: Original adults
[2025-05-24 20:09:47] Attempting to insert product: {'name': 'Junior 2-12 mesos', 'price': 15.9, 'category': 'drinks', 'store_id': 'bonarea', 'quantity': '10 kg'}
[2025-05-24 20:09:47] Supabase Response: data=[{'name': 'Junior 2-12 mesos', 'price': 15.9, 'category': 'drinks', 'store_id': 'bonarea', 'quantity': '10 kg', 'id': '5f0f1821-6a10-4b2f-b1d1-7ca0db061aa1', 'created_at': '2025-05-24T17:09:46.201962'}] count=None
[2025-05-24 20:09:47] ✅ Successfully inserted: Junior 2-12 mesos
[2025-05-24 20:09:47] Attempting to insert product: {'name': 'Junior 2-12 mesos', 'price': 5.07, 'category': 'drinks', 'store_id': 'bonarea', 'quantity': '3 kg'}
[2025-05-24 20:09:47] Supabase Response: data=[{'name': 'Junior 2-12 mesos', 'price': 5.07, 'category': 'drinks', 'store_id': 'bonarea', 'quantity': '3 kg', 'id': '302a40ff-1bf9-4cef-a098-6732965cdbd6', 'created_at': '2025-05-24T17:09:46.464159'}] count=None
[2025-05-24 20:09:47] ✅ Successfully inserted: Junior 2-12 mesos
[2025-05-24 20:09:47] Attempting to insert product: {'name': 'Pit de pollastre groc sencer', 'price': 4.54, 'category': 'drinks', 'store_id': 'bonarea', 'quantity': 'aprox. 693 g'}
[2025-05-24 20:09:47] Supabase Response: data=[{'name': 'Pit de pollastre groc sencer', 'price': 4.54, 'category': 'drinks', 'store_id': 'bonarea', 'quantity': 'aprox. 693 g', 'id': 'bae222e3-be67-4966-a7e8-37631e71f130', 'created_at': '2025-05-24T17:09:46.741261'}] count=None
[2025-05-24 20:09:47] ✅ Successfully inserted: Pit de pollastre groc sencer
[2025-05-24 20:09:47] Attempting to insert product: {'name': 'Pernilets de pollastre groc', 'price': 3.64, 'category': 'drinks', 'store_id': 'bonarea', 'quantity': 'aprox. 1,0 kg'}
[2025-05-24 20:09:48] Supabase Response: data=[{'name': 'Pernilets de pollastre groc', 'price': 3.64, 'category': 'drinks', 'store_id': 'bonarea', 'quantity': 'aprox. 1,0 kg', 'id': 'ed0caff8-273b-4e4c-bef7-c8df9950e46b', 'created_at': '2025-05-24T17:09:46.985239'}] count=None
[2025-05-24 20:09:48] ✅ Successfully inserted: Pernilets de pollastre groc
[2025-05-24 20:09:48] Attempting to insert product: {'name': 'Pit de pollastre blanc sencer', 'price': 4.68, 'category': 'drinks', 'store_id': 'bonarea', 'quantity': 'aprox. 715 g'}
[2025-05-24 20:09:48] Supabase Response: data=[{'name': 'Pit de pollastre blanc sencer', 'price': 4.68, 'category': 'drinks', 'store_id': 'bonarea', 'quantity': 'aprox. 715 g', 'id': '507793c4-0da0-4ca0-8a36-5059e21c112b', 'created_at': '2025-05-24T17:09:47.251913'}] count=None
[2025-05-24 20:09:48] ✅ Successfully inserted: Pit de pollastre blanc sencer
[2025-05-24 20:09:48] Attempting to insert product: {'name': 'Pernilets de pollastre blanc', 'price': 3.8, 'category': 'drinks', 'store_id': 'bonarea', 'quantity': 'aprox. 1,1 kg'}
[2025-05-24 20:09:48] Supabase Response: data=[{'name': 'Pernilets de pollastre blanc', 'price': 3.8, 'category': 'drinks', 'store_id': 'bonarea', 'quantity': 'aprox. 1,1 kg', 'id': 'ff05b57b-7921-4ce6-abc8-ba8687fb05a0', 'created_at': '2025-05-24T17:09:47.495992'}] count=None
[2025-05-24 20:09:48] ✅ Successfully inserted: Pernilets de pollastre blanc
[2025-05-24 20:09:48] Attempting to insert product: {'name': 'Pit de pollastre groc filetejat', 'price': 4.69, 'category': 'drinks', 'store_id': 'bonarea', 'quantity': 'aprox. 660 g'}
[2025-05-24 20:09:48] Supabase Response: data=[{'name': 'Pit de pollastre groc filetejat', 'price': 4.69, 'category': 'drinks', 'store_id': 'bonarea', 'quantity': 'aprox. 660 g', 'id': 'f9bbb631-a43b-4f7f-aa25-a1322f6c0d4c', 'created_at': '2025-05-24T17:09:47.757061'}] count=None
[2025-05-24 20:09:48] ✅ Successfully inserted: Pit de pollastre groc filetejat
[2025-05-24 20:09:48] Attempting to insert product: {'name': 'Pit de pollastre sencer 65% cereals', 'price': 4.57, 'category': 'drinks', 'store_id': 'bonarea', 'quantity': 'aprox. 605 g'}
[2025-05-24 20:09:49] Supabase Response: data=[{'name': 'Pit de pollastre sencer 65% cereals', 'price': 4.57, 'category': 'drinks', 'store_id': 'bonarea', 'quantity': 'aprox. 605 g', 'id': 'c4c10977-f044-4984-bbd5-46ebd3fc1761', 'created_at': '2025-05-24T17:09:47.998353'}] count=None
[2025-05-24 20:09:49] ✅ Successfully inserted: Pit de pollastre sencer 65% cereals
[2025-05-24 20:09:52] Attempting to insert product: {'name': 'Gaspatxo', 'price': 2.85, 'category': 'drinks', 'store_id': 'bonarea', 'quantity': '1 l'}
[2025-05-24 20:09:53] Supabase Response: data=[{'name': 'Gaspatxo', 'price': 2.85, 'category': 'drinks', 'store_id': 'bonarea', 'quantity': '1 l', 'id': '016f9d3b-aac7-44f7-9975-b29a71f25bcc', 'created_at': '2025-05-24T17:09:51.960356'}] count=None
[2025-05-24 20:09:53] ✅ Successfully inserted: Gaspatxo
[2025-05-24 20:09:53] Attempting to insert product: {'name': 'Salmorejo', 'price': 3.15, 'category': 'drinks', 'store_id': 'bonarea', 'quantity': '1 l'}
[2025-05-24 20:09:53] Supabase Response: data=[{'name': 'Salmorejo', 'price': 3.15, 'category': 'drinks', 'store_id': 'bonarea', 'quantity': '1 l', 'id': '5d6909ea-f069-4482-8069-107eafe8e455', 'created_at': '2025-05-24T17:09:52.22794'}] count=None
[2025-05-24 20:09:53] ✅ Successfully inserted: Salmorejo
[2025-05-24 20:09:53] Attempting to insert product: {'name': 'Gaspatxo bric', 'price': 1.95, 'category': 'drinks', 'store_id': 'bonarea', 'quantity': '1 l'}
[2025-05-24 20:09:53] Supabase Response: data=[{'name': 'Gaspatxo bric', 'price': 1.95, 'category': 'drinks', 'store_id': 'bonarea', 'quantity': '1 l', 'id': '95ccc200-8643-4c6a-a3b5-ec10f488d921', 'created_at': '2025-05-24T17:09:52.488838'}] count=None
[2025-05-24 20:09:53] ✅ Successfully inserted: Gaspatxo bric
[2025-05-24 20:09:53] Attempting to insert product: {'name': 'Salmorejo bric', 'price': 2.3, 'category': 'drinks', 'store_id': 'bonarea', 'quantity': '1 l'}
[2025-05-24 20:09:53] Supabase Response: data=[{'name': 'Salmorejo bric', 'price': 2.3, 'category': 'drinks', 'store_id': 'bonarea', 'quantity': '1 l', 'id': 'fe0608f1-9182-49eb-8909-773a78e0813a', 'created_at': '2025-05-24T17:09:52.750549'}] count=None
[2025-05-24 20:09:53] ✅ Successfully inserted: Salmorejo bric
[2025-05-24 20:09:53] Attempting to insert product: {'name': 'Gaspatxo estil andalús', 'price': 1.1, 'category': 'drinks', 'store_id': 'bonarea', 'quantity': '300 g'}
[2025-05-24 20:09:54] Supabase Response: data=[{'name': 'Gaspatxo estil andalús', 'price': 1.1, 'category': 'drinks', 'store_id': 'bonarea', 'quantity': '300 g', 'id': '7d685e8b-e55a-4c7b-aa9c-05d25959b3f4', 'created_at': '2025-05-24T17:09:53.008379'}] count=None
[2025-05-24 20:09:54] ✅ Successfully inserted: Gaspatxo estil andalús
[2025-05-24 20:09:54] Attempting to insert product: {'name': 'Gaspatxo de maduixa', 'price': 1.25, 'category': 'drinks', 'store_id': 'bonarea', 'quantity': '300 g'}
[2025-05-24 20:09:54] Supabase Response: data=[{'name': 'Gaspatxo de maduixa', 'price': 1.25, 'category': 'drinks', 'store_id': 'bonarea', 'quantity': '300 g', 'id': '8fd8e7df-81bb-4f56-9c1b-d3129a5092b3', 'created_at': '2025-05-24T17:09:53.303323'}] count=None
[2025-05-24 20:09:54] ✅ Successfully inserted: Gaspatxo de maduixa
[2025-05-24 20:09:54] Attempting to insert product: {'name': 'Hummus', 'price': 0.94, 'category': 'drinks', 'store_id': 'bonarea', 'quantity': '200 g'}
[2025-05-24 20:09:54] Supabase Response: data=[{'name': 'Hummus', 'price': 0.94, 'category': 'drinks', 'store_id': 'bonarea', 'quantity': '200 g', 'id': 'b1aea580-2059-4623-8723-553787aa2fd9', 'created_at': '2025-05-24T17:09:53.575826'}] count=None
[2025-05-24 20:09:54] ✅ Successfully inserted: Hummus
[2025-05-24 20:09:54] Attempting to insert product: {'name': 'Cap de llom filetejat a la planxa', 'price': 2.4, 'category': 'drinks', 'store_id': 'bonarea', 'quantity': 'aprox. 198 g'}
[2025-05-24 20:09:55] Supabase Response: data=[{'name': 'Cap de llom filetejat a la planxa', 'price': 2.4, 'category': 'drinks', 'store_id': 'bonarea', 'quantity': 'aprox. 198 g', 'id': '58398322-a527-465e-866a-a562fb14caa7', 'created_at': '2025-05-24T17:09:53.882269'}] count=None
[2025-05-24 20:09:55] ✅ Successfully inserted: Cap de llom filetejat a la planxa
[2025-05-24 20:09:55] Attempting to insert product: {'name': "Conill d'espatlla d'anoll", 'price': 16.91, 'category': 'drinks', 'store_id': 'bonarea', 'quantity': 'aprox. 1,6 kg'}
[2025-05-24 20:09:55] Supabase Response: data=[{'name': "Conill d'espatlla d'anoll", 'price': 16.91, 'category': 'drinks', 'store_id': 'bonarea', 'quantity': 'aprox. 1,6 kg', 'id': '83ac6d07-b1a6-411c-bbbd-f7f83280e9af', 'created_at': '2025-05-24T17:09:54.205546'}] count=None
[2025-05-24 20:09:55] ✅ Successfully inserted: Conill d'espatlla d'anoll
[2025-05-24 20:09:55] Attempting to insert product: {'name': "Jarret d'anoll", 'price': 22.76, 'category': 'drinks', 'store_id': 'bonarea', 'quantity': 'aprox. 2,0 kg'}
[2025-05-24 20:09:55] Supabase Response: data=[{'name': "Jarret d'anoll", 'price': 22.76, 'category': 'drinks', 'store_id': 'bonarea', 'quantity': 'aprox. 2,0 kg', 'id': 'af0cd141-0466-4acf-8eb0-d3c51263271b', 'created_at': '2025-05-24T17:09:54.497795'}] count=None
[2025-05-24 20:09:55] ✅ Successfully inserted: Jarret d'anoll
[2025-05-24 20:09:55] Attempting to insert product: {'name': 'Mixt de bull negre i donegal', 'price': 1.1, 'category': 'drinks', 'store_id': 'bonarea', 'quantity': 'aprox. 143 g'}
[2025-05-24 20:09:56] Supabase Response: data=[{'name': 'Mixt de bull negre i donegal', 'price': 1.1, 'category': 'drinks', 'store_id': 'bonarea', 'quantity': 'aprox. 143 g', 'id': 'db15245e-28fc-42ee-be7b-8ff7e0984627', 'created_at': '2025-05-24T17:09:54.827776'}] count=None
[2025-05-24 20:09:56] ✅ Successfully inserted: Mixt de bull negre i donegal
[2025-05-24 20:09:56] Attempting to insert product: {'name': 'Càpsules Nescafé Dolce Gusto espresso intens', 'price': 4.25, 'category': 'drinks', 'store_id': 'bonarea', 'quantity': '16 u.'}
[2025-05-24 20:09:56] Supabase Response: data=[{'name': 'Càpsules Nescafé Dolce Gusto espresso intens', 'price': 4.25, 'category': 'drinks', 'store_id': 'bonarea', 'quantity': '16 u.', 'id': '9c8eb54d-5312-412a-8eae-33e62bae7374', 'created_at': '2025-05-24T17:09:55.131736'}] count=None
[2025-05-24 20:09:56] ✅ Successfully inserted: Càpsules Nescafé Dolce Gusto espresso intens
[2025-05-24 20:09:56] Attempting to insert product: {'name': 'Salmó adults', 'price': 13.8, 'category': 'drinks', 'store_id': 'bonarea', 'quantity': '10 kg'}
[2025-05-24 20:09:56] Supabase Response: data=[{'name': 'Salmó adults', 'price': 13.8, 'category': 'drinks', 'store_id': 'bonarea', 'quantity': '10 kg', 'id': 'ba582f28-2c33-4e3a-bbcd-47ea297816df', 'created_at': '2025-05-24T17:09:55.419642'}] count=None
[2025-05-24 20:09:56] ✅ Successfully inserted: Salmó adults
[2025-05-24 20:09:56] Attempting to insert product: {'name': 'Salmó adults', 'price': 4.44, 'category': 'drinks', 'store_id': 'bonarea', 'quantity': '3 kg'}
[2025-05-24 20:09:56] Supabase Response: data=[{'name': 'Salmó adults', 'price': 4.44, 'category': 'drinks', 'store_id': 'bonarea', 'quantity': '3 kg', 'id': '0ae899b3-6a8e-4133-a68d-f7e581e3e067', 'created_at': '2025-05-24T17:09:55.724065'}] count=None
[2025-05-24 20:09:56] ✅ Successfully inserted: Salmó adults
[2025-05-24 20:09:56] Attempting to insert product: {'name': 'Original adults', 'price': 13.6, 'category': 'drinks', 'store_id': 'bonarea', 'quantity': '10 kg'}
[2025-05-24 20:09:57] Supabase Response: data=[{'name': 'Original adults', 'price': 13.6, 'category': 'drinks', 'store_id': 'bonarea', 'quantity': '10 kg', 'id': '5c807fc2-9bd3-4c01-a0c4-25192dea58d6', 'created_at': '2025-05-24T17:09:56.055793'}] count=None
[2025-05-24 20:09:57] ✅ Successfully inserted: Original adults
[2025-05-24 20:09:57] Attempting to insert product: {'name': 'Original adults', 'price': 4.38, 'category': 'drinks', 'store_id': 'bonarea', 'quantity': '3 kg'}
[2025-05-24 20:09:57] Supabase Response: data=[{'name': 'Original adults', 'price': 4.38, 'category': 'drinks', 'store_id': 'bonarea', 'quantity': '3 kg', 'id': 'c8b96232-48e3-4764-8535-fcaca220718a', 'created_at': '2025-05-24T17:09:56.334147'}] count=None
[2025-05-24 20:09:57] ✅ Successfully inserted: Original adults
[2025-05-24 20:09:57] Attempting to insert product: {'name': 'Junior 2-12 mesos', 'price': 15.9, 'category': 'drinks', 'store_id': 'bonarea', 'quantity': '10 kg'}
[2025-05-24 20:09:57] Supabase Response: data=[{'name': 'Junior 2-12 mesos', 'price': 15.9, 'category': 'drinks', 'store_id': 'bonarea', 'quantity': '10 kg', 'id': '3aa106c4-0c74-4eea-aa2d-88257ab33726', 'created_at': '2025-05-24T17:09:56.646792'}] count=None
[2025-05-24 20:09:57] ✅ Successfully inserted: Junior 2-12 mesos
[2025-05-24 20:09:57] Attempting to insert product: {'name': 'Junior 2-12 mesos', 'price': 5.07, 'category': 'drinks', 'store_id': 'bonarea', 'quantity': '3 kg'}
[2025-05-24 20:09:58] Supabase Response: data=[{'name': 'Junior 2-12 mesos', 'price': 5.07, 'category': 'drinks', 'store_id': 'bonarea', 'quantity': '3 kg', 'id': 'c6c4f2ce-317d-4d4a-a601-4a7352ef37f1', 'created_at': '2025-05-24T17:09:56.917819'}] count=None
[2025-05-24 20:09:58] ✅ Successfully inserted: Junior 2-12 mesos
[2025-05-24 20:09:58] Attempting to insert product: {'name': 'Pit de pollastre groc sencer', 'price': 4.54, 'category': 'drinks', 'store_id': 'bonarea', 'quantity': 'aprox. 693 g'}
[2025-05-24 20:09:58] Supabase Response: data=[{'name': 'Pit de pollastre groc sencer', 'price': 4.54, 'category': 'drinks', 'store_id': 'bonarea', 'quantity': 'aprox. 693 g', 'id': 'a0f8e91b-6eed-4bb9-84d0-3167ee9150ea', 'created_at': '2025-05-24T17:09:57.263598'}] count=None
[2025-05-24 20:09:58] ✅ Successfully inserted: Pit de pollastre groc sencer
[2025-05-24 20:09:58] Attempting to insert product: {'name': 'Pernilets de pollastre groc', 'price': 3.64, 'category': 'drinks', 'store_id': 'bonarea', 'quantity': 'aprox. 1,0 kg'}
[2025-05-24 20:09:58] Supabase Response: data=[{'name': 'Pernilets de pollastre groc', 'price': 3.64, 'category': 'drinks', 'store_id': 'bonarea', 'quantity': 'aprox. 1,0 kg', 'id': '25c24b14-1ee5-4f49-b8fc-3984a68ba51c', 'created_at': '2025-05-24T17:09:57.570958'}] count=None
[2025-05-24 20:09:58] ✅ Successfully inserted: Pernilets de pollastre groc
[2025-05-24 20:09:58] Attempting to insert product: {'name': 'Pit de pollastre blanc sencer', 'price': 4.68, 'category': 'drinks', 'store_id': 'bonarea', 'quantity': 'aprox. 715 g'}
[2025-05-24 20:09:59] Supabase Response: data=[{'name': 'Pit de pollastre blanc sencer', 'price': 4.68, 'category': 'drinks', 'store_id': 'bonarea', 'quantity': 'aprox. 715 g', 'id': 'c44efdeb-5dbe-4536-9af6-95aafeeb32ca', 'created_at': '2025-05-24T17:09:57.878653'}] count=None
[2025-05-24 20:09:59] ✅ Successfully inserted: Pit de pollastre blanc sencer
[2025-05-24 20:09:59] Attempting to insert product: {'name': 'Pernilets de pollastre blanc', 'price': 3.8, 'category': 'drinks', 'store_id': 'bonarea', 'quantity': 'aprox. 1,1 kg'}
[2025-05-24 20:09:59] Supabase Response: data=[{'name': 'Pernilets de pollastre blanc', 'price': 3.8, 'category': 'drinks', 'store_id': 'bonarea', 'quantity': 'aprox. 1,1 kg', 'id': 'bb0ea53e-5cb7-4216-a9d9-018a04621572', 'created_at': '2025-05-24T17:09:58.18349'}] count=None
[2025-05-24 20:09:59] ✅ Successfully inserted: Pernilets de pollastre blanc
[2025-05-24 20:09:59] Attempting to insert product: {'name': 'Pit de pollastre groc filetejat', 'price': 4.69, 'category': 'drinks', 'store_id': 'bonarea', 'quantity': 'aprox. 660 g'}
[2025-05-24 20:09:59] Supabase Response: data=[{'name': 'Pit de pollastre groc filetejat', 'price': 4.69, 'category': 'drinks', 'store_id': 'bonarea', 'quantity': 'aprox. 660 g', 'id': '4f3198de-6cfe-4e38-8d31-d6f16e395ea0', 'created_at': '2025-05-24T17:09:58.555379'}] count=None
[2025-05-24 20:09:59] ✅ Successfully inserted: Pit de pollastre groc filetejat
[2025-05-24 20:09:59] Attempting to insert product: {'name': 'Pit de pollastre sencer 65% cereals', 'price': 4.57, 'category': 'drinks', 'store_id': 'bonarea', 'quantity': 'aprox. 605 g'}
[2025-05-24 20:10:00] Supabase Response: data=[{'name': 'Pit de pollastre sencer 65% cereals', 'price': 4.57, 'category': 'drinks', 'store_id': 'bonarea', 'quantity': 'aprox. 605 g', 'id': '495db583-2573-4c49-8ef5-47e96beb4409', 'created_at': '2025-05-24T17:09:58.903096'}] count=None
[2025-05-24 20:10:00] ✅ Successfully inserted: Pit de pollastre sencer 65% cereals
[2025-05-24 20:10:03] Attempting to insert product: {'name': 'Gaspatxo', 'price': 2.85, 'category': 'drinks', 'store_id': 'bonarea', 'quantity': '1 l'}
[2025-05-24 20:10:04] Supabase Response: data=[{'name': 'Gaspatxo', 'price': 2.85, 'category': 'drinks', 'store_id': 'bonarea', 'quantity': '1 l', 'id': '78d96c16-62a4-4b1e-b2b6-3ae2e759d6ae', 'created_at': '2025-05-24T17:10:03.028921'}] count=None
[2025-05-24 20:10:04] ✅ Successfully inserted: Gaspatxo
[2025-05-24 20:10:04] Attempting to insert product: {'name': 'Salmorejo', 'price': 3.15, 'category': 'drinks', 'store_id': 'bonarea', 'quantity': '1 l'}
[2025-05-24 20:10:04] Supabase Response: data=[{'name': 'Salmorejo', 'price': 3.15, 'category': 'drinks', 'store_id': 'bonarea', 'quantity': '1 l', 'id': '92afce03-bbf6-4b79-9543-3b6dc2ebf28f', 'created_at': '2025-05-24T17:10:03.279609'}] count=None
[2025-05-24 20:10:04] ✅ Successfully inserted: Salmorejo
[2025-05-24 20:10:04] Attempting to insert product: {'name': 'Gaspatxo bric', 'price': 1.95, 'category': 'drinks', 'store_id': 'bonarea', 'quantity': '1 l'}
[2025-05-24 20:10:04] Supabase Response: data=[{'name': 'Gaspatxo bric', 'price': 1.95, 'category': 'drinks', 'store_id': 'bonarea', 'quantity': '1 l', 'id': 'f0cf236d-b44d-4cfd-ae20-f4fad1cbc710', 'created_at': '2025-05-24T17:10:03.523537'}] count=None
[2025-05-24 20:10:04] ✅ Successfully inserted: Gaspatxo bric
[2025-05-24 20:10:04] Attempting to insert product: {'name': 'Salmorejo bric', 'price': 2.3, 'category': 'drinks', 'store_id': 'bonarea', 'quantity': '1 l'}
[2025-05-24 20:10:04] Supabase Response: data=[{'name': 'Salmorejo bric', 'price': 2.3, 'category': 'drinks', 'store_id': 'bonarea', 'quantity': '1 l', 'id': '1d45c1ec-cb8c-4f9d-8709-2fa0aaf6676d', 'created_at': '2025-05-24T17:10:03.765161'}] count=None
[2025-05-24 20:10:04] ✅ Successfully inserted: Salmorejo bric
[2025-05-24 20:10:04] Attempting to insert product: {'name': 'Gaspatxo estil andalús', 'price': 1.1, 'category': 'drinks', 'store_id': 'bonarea', 'quantity': '300 g'}
[2025-05-24 20:10:05] Supabase Response: data=[{'name': 'Gaspatxo estil andalús', 'price': 1.1, 'category': 'drinks', 'store_id': 'bonarea', 'quantity': '300 g', 'id': '11d68821-a85a-475b-be7f-49086218a3e0', 'created_at': '2025-05-24T17:10:04.006034'}] count=None
[2025-05-24 20:10:05] ✅ Successfully inserted: Gaspatxo estil andalús
[2025-05-24 20:10:05] Attempting to insert product: {'name': 'Gaspatxo de maduixa', 'price': 1.25, 'category': 'drinks', 'store_id': 'bonarea', 'quantity': '300 g'}
[2025-05-24 20:10:05] Supabase Response: data=[{'name': 'Gaspatxo de maduixa', 'price': 1.25, 'category': 'drinks', 'store_id': 'bonarea', 'quantity': '300 g', 'id': '1f2dad58-27ef-4d27-bfbb-472f20357017', 'created_at': '2025-05-24T17:10:04.253128'}] count=None
[2025-05-24 20:10:05] ✅ Successfully inserted: Gaspatxo de maduixa
[2025-05-24 20:10:05] Attempting to insert product: {'name': 'Hummus', 'price': 0.94, 'category': 'drinks', 'store_id': 'bonarea', 'quantity': '200 g'}
[2025-05-24 20:10:05] Supabase Response: data=[{'name': 'Hummus', 'price': 0.94, 'category': 'drinks', 'store_id': 'bonarea', 'quantity': '200 g', 'id': 'fd097fd6-172b-4c97-82f0-a13726f8cd81', 'created_at': '2025-05-24T17:10:04.503043'}] count=None
[2025-05-24 20:10:05] ✅ Successfully inserted: Hummus
[2025-05-24 20:10:05] Attempting to insert product: {'name': 'Cap de llom filetejat a la planxa', 'price': 2.4, 'category': 'drinks', 'store_id': 'bonarea', 'quantity': 'aprox. 198 g'}
[2025-05-24 20:10:05] Supabase Response: data=[{'name': 'Cap de llom filetejat a la planxa', 'price': 2.4, 'category': 'drinks', 'store_id': 'bonarea', 'quantity': 'aprox. 198 g', 'id': 'a276c044-8922-4808-904b-c58d890ef1b6', 'created_at': '2025-05-24T17:10:04.749167'}] count=None
[2025-05-24 20:10:05] ✅ Successfully inserted: Cap de llom filetejat a la planxa
[2025-05-24 20:10:05] Attempting to insert product: {'name': "Conill d'espatlla d'anoll", 'price': 16.91, 'category': 'drinks', 'store_id': 'bonarea', 'quantity': 'aprox. 1,6 kg'}
[2025-05-24 20:10:06] Supabase Response: data=[{'name': "Conill d'espatlla d'anoll", 'price': 16.91, 'category': 'drinks', 'store_id': 'bonarea', 'quantity': 'aprox. 1,6 kg', 'id': '519ac07a-0518-48e6-864e-f2bfd774f5a7', 'created_at': '2025-05-24T17:10:05.010437'}] count=None
[2025-05-24 20:10:06] ✅ Successfully inserted: Conill d'espatlla d'anoll
[2025-05-24 20:10:06] Attempting to insert product: {'name': "Jarret d'anoll", 'price': 22.76, 'category': 'drinks', 'store_id': 'bonarea', 'quantity': 'aprox. 2,0 kg'}
[2025-05-24 20:10:06] Supabase Response: data=[{'name': "Jarret d'anoll", 'price': 22.76, 'category': 'drinks', 'store_id': 'bonarea', 'quantity': 'aprox. 2,0 kg', 'id': '3155183e-8e51-4558-ab88-072c86c1011b', 'created_at': '2025-05-24T17:10:05.256574'}] count=None
[2025-05-24 20:10:06] ✅ Successfully inserted: Jarret d'anoll
[2025-05-24 20:10:06] Attempting to insert product: {'name': 'Mixt de bull negre i donegal', 'price': 1.1, 'category': 'drinks', 'store_id': 'bonarea', 'quantity': 'aprox. 143 g'}
[2025-05-24 20:10:06] Supabase Response: data=[{'name': 'Mixt de bull negre i donegal', 'price': 1.1, 'category': 'drinks', 'store_id': 'bonarea', 'quantity': 'aprox. 143 g', 'id': '9386d406-5bdb-4268-add0-4ad03e6c923c', 'created_at': '2025-05-24T17:10:05.575137'}] count=None
[2025-05-24 20:10:06] ✅ Successfully inserted: Mixt de bull negre i donegal
[2025-05-24 20:10:06] Attempting to insert product: {'name': 'Càpsules Nescafé Dolce Gusto espresso intens', 'price': 4.25, 'category': 'drinks', 'store_id': 'bonarea', 'quantity': '16 u.'}
[2025-05-24 20:10:07] Supabase Response: data=[{'name': 'Càpsules Nescafé Dolce Gusto espresso intens', 'price': 4.25, 'category': 'drinks', 'store_id': 'bonarea', 'quantity': '16 u.', 'id': '1ea8f6ad-3262-43ee-840e-f32d0a299d6b', 'created_at': '2025-05-24T17:10:05.882245'}] count=None
[2025-05-24 20:10:07] ✅ Successfully inserted: Càpsules Nescafé Dolce Gusto espresso intens
[2025-05-24 20:10:07] Attempting to insert product: {'name': 'Salmó adults', 'price': 13.8, 'category': 'drinks', 'store_id': 'bonarea', 'quantity': '10 kg'}
[2025-05-24 20:10:07] Supabase Response: data=[{'name': 'Salmó adults', 'price': 13.8, 'category': 'drinks', 'store_id': 'bonarea', 'quantity': '10 kg', 'id': 'bf892b87-258a-48cb-a148-1cf0b93a71aa', 'created_at': '2025-05-24T17:10:06.171111'}] count=None
[2025-05-24 20:10:07] ✅ Successfully inserted: Salmó adults
[2025-05-24 20:10:07] Attempting to insert product: {'name': 'Salmó adults', 'price': 4.44, 'category': 'drinks', 'store_id': 'bonarea', 'quantity': '3 kg'}
[2025-05-24 20:10:07] Supabase Response: data=[{'name': 'Salmó adults', 'price': 4.44, 'category': 'drinks', 'store_id': 'bonarea', 'quantity': '3 kg', 'id': '25abcaa2-cf86-4cde-95ee-cd846db40a13', 'created_at': '2025-05-24T17:10:06.494836'}] count=None
[2025-05-24 20:10:07] ✅ Successfully inserted: Salmó adults
[2025-05-24 20:10:07] Attempting to insert product: {'name': 'Original adults', 'price': 13.6, 'category': 'drinks', 'store_id': 'bonarea', 'quantity': '10 kg'}
[2025-05-24 20:10:08] Supabase Response: data=[{'name': 'Original adults', 'price': 13.6, 'category': 'drinks', 'store_id': 'bonarea', 'quantity': '10 kg', 'id': '0c2ae6e9-e186-44b9-9c30-cf398a19d488', 'created_at': '2025-05-24T17:10:06.783833'}] count=None
[2025-05-24 20:10:08] ✅ Successfully inserted: Original adults
[2025-05-24 20:10:08] Attempting to insert product: {'name': 'Original adults', 'price': 4.38, 'category': 'drinks', 'store_id': 'bonarea', 'quantity': '3 kg'}
[2025-05-24 20:10:08] Supabase Response: data=[{'name': 'Original adults', 'price': 4.38, 'category': 'drinks', 'store_id': 'bonarea', 'quantity': '3 kg', 'id': 'ad53e0d5-a2ae-4935-9f53-c759c0048bfe', 'created_at': '2025-05-24T17:10:07.12288'}] count=None
[2025-05-24 20:10:08] ✅ Successfully inserted: Original adults
[2025-05-24 20:10:08] Attempting to insert product: {'name': 'Junior 2-12 mesos', 'price': 15.9, 'category': 'drinks', 'store_id': 'bonarea', 'quantity': '10 kg'}
[2025-05-24 20:10:08] Supabase Response: data=[{'name': 'Junior 2-12 mesos', 'price': 15.9, 'category': 'drinks', 'store_id': 'bonarea', 'quantity': '10 kg', 'id': '1f573129-18cd-4728-96a2-51096646e0d3', 'created_at': '2025-05-24T17:10:07.415277'}] count=None
[2025-05-24 20:10:08] ✅ Successfully inserted: Junior 2-12 mesos
[2025-05-24 20:10:08] Attempting to insert product: {'name': 'Junior 2-12 mesos', 'price': 5.07, 'category': 'drinks', 'store_id': 'bonarea', 'quantity': '3 kg'}
[2025-05-24 20:10:08] Supabase Response: data=[{'name': 'Junior 2-12 mesos', 'price': 5.07, 'category': 'drinks', 'store_id': 'bonarea', 'quantity': '3 kg', 'id': '4b9a0bf7-78b5-470c-b2ca-09c6c1a9d6e2', 'created_at': '2025-05-24T17:10:07.685442'}] count=None
[2025-05-24 20:10:08] ✅ Successfully inserted: Junior 2-12 mesos
[2025-05-24 20:10:08] Attempting to insert product: {'name': 'Pit de pollastre groc sencer', 'price': 4.54, 'category': 'drinks', 'store_id': 'bonarea', 'quantity': 'aprox. 693 g'}
[2025-05-24 20:10:09] Supabase Response: data=[{'name': 'Pit de pollastre groc sencer', 'price': 4.54, 'category': 'drinks', 'store_id': 'bonarea', 'quantity': 'aprox. 693 g', 'id': 'd32066ee-3c0b-4109-a663-050c50af79e1', 'created_at': '2025-05-24T17:10:07.941933'}] count=None
[2025-05-24 20:10:09] ✅ Successfully inserted: Pit de pollastre groc sencer
[2025-05-24 20:10:09] Attempting to insert product: {'name': 'Pernilets de pollastre groc', 'price': 3.64, 'category': 'drinks', 'store_id': 'bonarea', 'quantity': 'aprox. 1,0 kg'}
[2025-05-24 20:10:09] Supabase Response: data=[{'name': 'Pernilets de pollastre groc', 'price': 3.64, 'category': 'drinks', 'store_id': 'bonarea', 'quantity': 'aprox. 1,0 kg', 'id': '03c5ff7b-57d3-4989-878b-05bdef831c1c', 'created_at': '2025-05-24T17:10:08.222235'}] count=None
[2025-05-24 20:10:09] ✅ Successfully inserted: Pernilets de pollastre groc
[2025-05-24 20:10:09] Attempting to insert product: {'name': 'Pit de pollastre blanc sencer', 'price': 4.68, 'category': 'drinks', 'store_id': 'bonarea', 'quantity': 'aprox. 715 g'}
[2025-05-24 20:10:09] Supabase Response: data=[{'name': 'Pit de pollastre blanc sencer', 'price': 4.68, 'category': 'drinks', 'store_id': 'bonarea', 'quantity': 'aprox. 715 g', 'id': '473e600f-b6c9-45cc-9852-bf5ccb00aa74', 'created_at': '2025-05-24T17:10:08.589048'}] count=None
[2025-05-24 20:10:09] ✅ Successfully inserted: Pit de pollastre blanc sencer
[2025-05-24 20:10:09] Attempting to insert product: {'name': 'Pernilets de pollastre blanc', 'price': 3.8, 'category': 'drinks', 'store_id': 'bonarea', 'quantity': 'aprox. 1,1 kg'}
[2025-05-24 20:10:10] Supabase Response: data=[{'name': 'Pernilets de pollastre blanc', 'price': 3.8, 'category': 'drinks', 'store_id': 'bonarea', 'quantity': 'aprox. 1,1 kg', 'id': '92c2ccbf-eb2f-42c3-adfc-a9582fac3dc1', 'created_at': '2025-05-24T17:10:08.950282'}] count=None
[2025-05-24 20:10:10] ✅ Successfully inserted: Pernilets de pollastre blanc
[2025-05-24 20:10:10] Attempting to insert product: {'name': 'Pit de pollastre groc filetejat', 'price': 4.69, 'category': 'drinks', 'store_id': 'bonarea', 'quantity': 'aprox. 660 g'}
[2025-05-24 20:10:10] Supabase Response: data=[{'name': 'Pit de pollastre groc filetejat', 'price': 4.69, 'category': 'drinks', 'store_id': 'bonarea', 'quantity': 'aprox. 660 g', 'id': '86b8326f-8a7b-4a9b-a717-5484ae96955c', 'created_at': '2025-05-24T17:10:09.247221'}] count=None
[2025-05-24 20:10:10] ✅ Successfully inserted: Pit de pollastre groc filetejat
[2025-05-24 20:10:10] Attempting to insert product: {'name': 'Pit de pollastre sencer 65% cereals', 'price': 4.57, 'category': 'drinks', 'store_id': 'bonarea', 'quantity': 'aprox. 605 g'}
[2025-05-24 20:10:10] Supabase Response: data=[{'name': 'Pit de pollastre sencer 65% cereals', 'price': 4.57, 'category': 'drinks', 'store_id': 'bonarea', 'quantity': 'aprox. 605 g', 'id': '93b2c462-13d4-4aa8-b2d7-e7aa846d8ca6', 'created_at': '2025-05-24T17:10:09.566292'}] count=None
[2025-05-24 20:10:10] ✅ Successfully inserted: Pit de pollastre sencer 65% cereals
[2025-05-24 20:10:14] Attempting to insert product: {'name': 'Gaspatxo', 'price': 2.85, 'category': 'drinks', 'store_id': 'bonarea', 'quantity': '1 l'}
[2025-05-24 20:10:14] Supabase Response: data=[{'name': 'Gaspatxo', 'price': 2.85, 'category': 'drinks', 'store_id': 'bonarea', 'quantity': '1 l', 'id': '02622b49-7987-4c10-ae79-f4976c1ca432', 'created_at': '2025-05-24T17:10:13.695718'}] count=None
[2025-05-24 20:10:14] ✅ Successfully inserted: Gaspatxo
[2025-05-24 20:10:14] Attempting to insert product: {'name': 'Salmorejo', 'price': 3.15, 'category': 'drinks', 'store_id': 'bonarea', 'quantity': '1 l'}
[2025-05-24 20:10:15] Supabase Response: data=[{'name': 'Salmorejo', 'price': 3.15, 'category': 'drinks', 'store_id': 'bonarea', 'quantity': '1 l', 'id': '957ba6d8-766c-4b67-9e7b-15ac20d4aaba', 'created_at': '2025-05-24T17:10:13.95843'}] count=None
[2025-05-24 20:10:15] ✅ Successfully inserted: Salmorejo
[2025-05-24 20:10:15] Attempting to insert product: {'name': 'Gaspatxo bric', 'price': 1.95, 'category': 'drinks', 'store_id': 'bonarea', 'quantity': '1 l'}
[2025-05-24 20:10:15] Supabase Response: data=[{'name': 'Gaspatxo bric', 'price': 1.95, 'category': 'drinks', 'store_id': 'bonarea', 'quantity': '1 l', 'id': '2e09b380-9bea-444a-bc8c-2499d0b1bc87', 'created_at': '2025-05-24T17:10:14.20283'}] count=None
[2025-05-24 20:10:15] ✅ Successfully inserted: Gaspatxo bric
[2025-05-24 20:10:15] Attempting to insert product: {'name': 'Salmorejo bric', 'price': 2.3, 'category': 'drinks', 'store_id': 'bonarea', 'quantity': '1 l'}
[2025-05-24 20:10:15] Supabase Response: data=[{'name': 'Salmorejo bric', 'price': 2.3, 'category': 'drinks', 'store_id': 'bonarea', 'quantity': '1 l', 'id': '2db2a889-16ff-4618-af11-2765ee9a93c1', 'created_at': '2025-05-24T17:10:14.463511'}] count=None
[2025-05-24 20:10:15] ✅ Successfully inserted: Salmorejo bric
[2025-05-24 20:10:15] Attempting to insert product: {'name': 'Gaspatxo estil andalús', 'price': 1.1, 'category': 'drinks', 'store_id': 'bonarea', 'quantity': '300 g'}
[2025-05-24 20:10:15] Supabase Response: data=[{'name': 'Gaspatxo estil andalús', 'price': 1.1, 'category': 'drinks', 'store_id': 'bonarea', 'quantity': '300 g', 'id': '925f792e-17dc-4d84-8e18-c77ca5f77908', 'created_at': '2025-05-24T17:10:14.709335'}] count=None
[2025-05-24 20:10:15] ✅ Successfully inserted: Gaspatxo estil andalús
[2025-05-24 20:10:15] Attempting to insert product: {'name': 'Gaspatxo de maduixa', 'price': 1.25, 'category': 'drinks', 'store_id': 'bonarea', 'quantity': '300 g'}
[2025-05-24 20:10:16] Supabase Response: data=[{'name': 'Gaspatxo de maduixa', 'price': 1.25, 'category': 'drinks', 'store_id': 'bonarea', 'quantity': '300 g', 'id': '0199a08a-2691-4f1f-8c1a-2dc4e79a292b', 'created_at': '2025-05-24T17:10:14.963534'}] count=None
[2025-05-24 20:10:16] ✅ Successfully inserted: Gaspatxo de maduixa
[2025-05-24 20:10:16] Attempting to insert product: {'name': 'Hummus', 'price': 0.94, 'category': 'drinks', 'store_id': 'bonarea', 'quantity': '200 g'}
[2025-05-24 20:10:16] Supabase Response: data=[{'name': 'Hummus', 'price': 0.94, 'category': 'drinks', 'store_id': 'bonarea', 'quantity': '200 g', 'id': '63a8906e-c9cb-483d-8b1f-e77429dc9ee0', 'created_at': '2025-05-24T17:10:15.375805'}] count=None
[2025-05-24 20:10:16] ✅ Successfully inserted: Hummus
[2025-05-24 20:10:16] Attempting to insert product: {'name': 'Cap de llom filetejat a la planxa', 'price': 2.4, 'category': 'drinks', 'store_id': 'bonarea', 'quantity': 'aprox. 198 g'}
[2025-05-24 20:10:16] Supabase Response: data=[{'name': 'Cap de llom filetejat a la planxa', 'price': 2.4, 'category': 'drinks', 'store_id': 'bonarea', 'quantity': 'aprox. 198 g', 'id': '8e69fc56-4040-4d1d-b9a7-09b176cc7a4b', 'created_at': '2025-05-24T17:10:15.68522'}] count=None
[2025-05-24 20:10:16] ✅ Successfully inserted: Cap de llom filetejat a la planxa
[2025-05-24 20:10:16] Attempting to insert product: {'name': "Conill d'espatlla d'anoll", 'price': 16.91, 'category': 'drinks', 'store_id': 'bonarea', 'quantity': 'aprox. 1,6 kg'}
[2025-05-24 20:10:17] Supabase Response: data=[{'name': "Conill d'espatlla d'anoll", 'price': 16.91, 'category': 'drinks', 'store_id': 'bonarea', 'quantity': 'aprox. 1,6 kg', 'id': '54b0de63-ffb2-4255-9211-53f8c0bd6137', 'created_at': '2025-05-24T17:10:16.021214'}] count=None
[2025-05-24 20:10:17] ✅ Successfully inserted: Conill d'espatlla d'anoll
[2025-05-24 20:10:17] Attempting to insert product: {'name': "Jarret d'anoll", 'price': 22.76, 'category': 'drinks', 'store_id': 'bonarea', 'quantity': 'aprox. 2,0 kg'}
[2025-05-24 20:10:17] Supabase Response: data=[{'name': "Jarret d'anoll", 'price': 22.76, 'category': 'drinks', 'store_id': 'bonarea', 'quantity': 'aprox. 2,0 kg', 'id': '11f29982-1f51-4f2c-88d3-6ba924092796', 'created_at': '2025-05-24T17:10:16.307177'}] count=None
[2025-05-24 20:10:17] ✅ Successfully inserted: Jarret d'anoll
[2025-05-24 20:10:17] Attempting to insert product: {'name': 'Mixt de bull negre i donegal', 'price': 1.1, 'category': 'drinks', 'store_id': 'bonarea', 'quantity': 'aprox. 143 g'}
[2025-05-24 20:10:17] Supabase Response: data=[{'name': 'Mixt de bull negre i donegal', 'price': 1.1, 'category': 'drinks', 'store_id': 'bonarea', 'quantity': 'aprox. 143 g', 'id': '8d238096-e16c-4ca4-bf91-9caf477bf907', 'created_at': '2025-05-24T17:10:16.609868'}] count=None
[2025-05-24 20:10:17] ✅ Successfully inserted: Mixt de bull negre i donegal
[2025-05-24 20:10:17] Attempting to insert product: {'name': 'Càpsules Nescafé Dolce Gusto espresso intens', 'price': 4.25, 'category': 'drinks', 'store_id': 'bonarea', 'quantity': '16 u.'}
[2025-05-24 20:10:18] Supabase Response: data=[{'name': 'Càpsules Nescafé Dolce Gusto espresso intens', 'price': 4.25, 'category': 'drinks', 'store_id': 'bonarea', 'quantity': '16 u.', 'id': '3a93af7c-3773-4b47-a7ab-28f59919df10', 'created_at': '2025-05-24T17:10:16.85794'}] count=None
[2025-05-24 20:10:18] ✅ Successfully inserted: Càpsules Nescafé Dolce Gusto espresso intens
[2025-05-24 20:10:18] Attempting to insert product: {'name': 'Salmó adults', 'price': 13.8, 'category': 'drinks', 'store_id': 'bonarea', 'quantity': '10 kg'}
[2025-05-24 20:10:18] Supabase Response: data=[{'name': 'Salmó adults', 'price': 13.8, 'category': 'drinks', 'store_id': 'bonarea', 'quantity': '10 kg', 'id': '10a1ef5a-a160-4837-bde4-c6653d757c93', 'created_at': '2025-05-24T17:10:17.226482'}] count=None
[2025-05-24 20:10:18] ✅ Successfully inserted: Salmó adults
[2025-05-24 20:10:18] Attempting to insert product: {'name': 'Salmó adults', 'price': 4.44, 'category': 'drinks', 'store_id': 'bonarea', 'quantity': '3 kg'}
[2025-05-24 20:10:18] Supabase Response: data=[{'name': 'Salmó adults', 'price': 4.44, 'category': 'drinks', 'store_id': 'bonarea', 'quantity': '3 kg', 'id': 'fce73fe9-c774-455d-a393-e2c1b3f6cf12', 'created_at': '2025-05-24T17:10:17.537347'}] count=None
[2025-05-24 20:10:18] ✅ Successfully inserted: Salmó adults
[2025-05-24 20:10:18] Attempting to insert product: {'name': 'Original adults', 'price': 13.6, 'category': 'drinks', 'store_id': 'bonarea', 'quantity': '10 kg'}
[2025-05-24 20:10:19] Supabase Response: data=[{'name': 'Original adults', 'price': 13.6, 'category': 'drinks', 'store_id': 'bonarea', 'quantity': '10 kg', 'id': '2af6c670-d292-4796-99f7-50c6f50bf749', 'created_at': '2025-05-24T17:10:17.84514'}] count=None
[2025-05-24 20:10:19] ✅ Successfully inserted: Original adults
[2025-05-24 20:10:19] Attempting to insert product: {'name': 'Original adults', 'price': 4.38, 'category': 'drinks', 'store_id': 'bonarea', 'quantity': '3 kg'}
[2025-05-24 20:10:19] Supabase Response: data=[{'name': 'Original adults', 'price': 4.38, 'category': 'drinks', 'store_id': 'bonarea', 'quantity': '3 kg', 'id': 'f3a133f9-a256-490b-a7e6-dac17ca6a071', 'created_at': '2025-05-24T17:10:18.13994'}] count=None
[2025-05-24 20:10:19] ✅ Successfully inserted: Original adults
[2025-05-24 20:10:19] Attempting to insert product: {'name': 'Junior 2-12 mesos', 'price': 15.9, 'category': 'drinks', 'store_id': 'bonarea', 'quantity': '10 kg'}
[2025-05-24 20:10:19] Supabase Response: data=[{'name': 'Junior 2-12 mesos', 'price': 15.9, 'category': 'drinks', 'store_id': 'bonarea', 'quantity': '10 kg', 'id': '443ab9cd-9981-48fb-9bf6-114a071464a5', 'created_at': '2025-05-24T17:10:18.473663'}] count=None
[2025-05-24 20:10:19] ✅ Successfully inserted: Junior 2-12 mesos
[2025-05-24 20:10:19] Attempting to insert product: {'name': 'Junior 2-12 mesos', 'price': 5.07, 'category': 'drinks', 'store_id': 'bonarea', 'quantity': '3 kg'}
[2025-05-24 20:10:19] Supabase Response: data=[{'name': 'Junior 2-12 mesos', 'price': 5.07, 'category': 'drinks', 'store_id': 'bonarea', 'quantity': '3 kg', 'id': '832fedb5-dae1-4ba4-8a54-0169acd72b3b', 'created_at': '2025-05-24T17:10:18.764773'}] count=None
[2025-05-24 20:10:19] ✅ Successfully inserted: Junior 2-12 mesos
[2025-05-24 20:10:20] Attempting to insert product: {'name': 'Pit de pollastre groc sencer', 'price': 4.54, 'category': 'drinks', 'store_id': 'bonarea', 'quantity': 'aprox. 693 g'}
[2025-05-24 20:10:20] Supabase Response: data=[{'name': 'Pit de pollastre groc sencer', 'price': 4.54, 'category': 'drinks', 'store_id': 'bonarea', 'quantity': 'aprox. 693 g', 'id': '5570fd26-3689-4100-919e-9ce26b170163', 'created_at': '2025-05-24T17:10:19.069415'}] count=None
[2025-05-24 20:10:20] ✅ Successfully inserted: Pit de pollastre groc sencer
[2025-05-24 20:10:20] Attempting to insert product: {'name': 'Pernilets de pollastre groc', 'price': 3.64, 'category': 'drinks', 'store_id': 'bonarea', 'quantity': 'aprox. 1,0 kg'}
[2025-05-24 20:10:20] Supabase Response: data=[{'name': 'Pernilets de pollastre groc', 'price': 3.64, 'category': 'drinks', 'store_id': 'bonarea', 'quantity': 'aprox. 1,0 kg', 'id': '596e5a45-fb67-473e-a40c-603f5a4bdf2d', 'created_at': '2025-05-24T17:10:19.398157'}] count=None
[2025-05-24 20:10:20] ✅ Successfully inserted: Pernilets de pollastre groc
[2025-05-24 20:10:20] Attempting to insert product: {'name': 'Pit de pollastre blanc sencer', 'price': 4.68, 'category': 'drinks', 'store_id': 'bonarea', 'quantity': 'aprox. 715 g'}
[2025-05-24 20:10:20] Supabase Response: data=[{'name': 'Pit de pollastre blanc sencer', 'price': 4.68, 'category': 'drinks', 'store_id': 'bonarea', 'quantity': 'aprox. 715 g', 'id': 'ab8c97d2-b479-4030-b58e-d71e731ab3f9', 'created_at': '2025-05-24T17:10:19.633459'}] count=None
[2025-05-24 20:10:20] ✅ Successfully inserted: Pit de pollastre blanc sencer
[2025-05-24 20:10:20] Attempting to insert product: {'name': 'Pernilets de pollastre blanc', 'price': 3.8, 'category': 'drinks', 'store_id': 'bonarea', 'quantity': 'aprox. 1,1 kg'}
[2025-05-24 20:10:21] Supabase Response: data=[{'name': 'Pernilets de pollastre blanc', 'price': 3.8, 'category': 'drinks', 'store_id': 'bonarea', 'quantity': 'aprox. 1,1 kg', 'id': '72cdbcd7-2e6d-4491-a107-135da3e8ad5e', 'created_at': '2025-05-24T17:10:19.916337'}] count=None
[2025-05-24 20:10:21] ✅ Successfully inserted: Pernilets de pollastre blanc
[2025-05-24 20:10:21] Attempting to insert product: {'name': 'Pit de pollastre groc filetejat', 'price': 4.69, 'category': 'drinks', 'store_id': 'bonarea', 'quantity': 'aprox. 660 g'}
[2025-05-24 20:10:21] Supabase Response: data=[{'name': 'Pit de pollastre groc filetejat', 'price': 4.69, 'category': 'drinks', 'store_id': 'bonarea', 'quantity': 'aprox. 660 g', 'id': '1229a992-efeb-4252-806a-17e346d52672', 'created_at': '2025-05-24T17:10:20.168537'}] count=None
[2025-05-24 20:10:21] ✅ Successfully inserted: Pit de pollastre groc filetejat
[2025-05-24 20:10:21] Attempting to insert product: {'name': 'Pit de pollastre sencer 65% cereals', 'price': 4.57, 'category': 'drinks', 'store_id': 'bonarea', 'quantity': 'aprox. 605 g'}
[2025-05-24 20:10:21] Supabase Response: data=[{'name': 'Pit de pollastre sencer 65% cereals', 'price': 4.57, 'category': 'drinks', 'store_id': 'bonarea', 'quantity': 'aprox. 605 g', 'id': 'd2f6fd40-8cca-447c-bdd2-cf6d334e4633', 'created_at': '2025-05-24T17:10:20.427235'}] count=None
[2025-05-24 20:10:21] ✅ Successfully inserted: Pit de pollastre sencer 65% cereals
[2025-05-24 20:10:25] Attempting to insert product: {'name': 'Gaspatxo', 'price': 2.85, 'category': 'drinks', 'store_id': 'bonarea', 'quantity': '1 l'}
[2025-05-24 20:10:25] Supabase Response: data=[{'name': 'Gaspatxo', 'price': 2.85, 'category': 'drinks', 'store_id': 'bonarea', 'quantity': '1 l', 'id': '9160cbb5-44ec-43b6-8016-6c35bae7d217', 'created_at': '2025-05-24T17:10:24.362565'}] count=None
[2025-05-24 20:10:25] ✅ Successfully inserted: Gaspatxo
[2025-05-24 20:10:25] Attempting to insert product: {'name': 'Salmorejo', 'price': 3.15, 'category': 'drinks', 'store_id': 'bonarea', 'quantity': '1 l'}
[2025-05-24 20:10:25] Supabase Response: data=[{'name': 'Salmorejo', 'price': 3.15, 'category': 'drinks', 'store_id': 'bonarea', 'quantity': '1 l', 'id': '7ffef2f5-f0cc-43c5-905a-697341ff21e1', 'created_at': '2025-05-24T17:10:24.623689'}] count=None
[2025-05-24 20:10:25] ✅ Successfully inserted: Salmorejo
[2025-05-24 20:10:25] Attempting to insert product: {'name': 'Gaspatxo bric', 'price': 1.95, 'category': 'drinks', 'store_id': 'bonarea', 'quantity': '1 l'}
[2025-05-24 20:10:26] Supabase Response: data=[{'name': 'Gaspatxo bric', 'price': 1.95, 'category': 'drinks', 'store_id': 'bonarea', 'quantity': '1 l', 'id': '837be1e2-ec12-4de6-99eb-5efbc937248b', 'created_at': '2025-05-24T17:10:24.868577'}] count=None
[2025-05-24 20:10:26] ✅ Successfully inserted: Gaspatxo bric
[2025-05-24 20:10:26] Attempting to insert product: {'name': 'Salmorejo bric', 'price': 2.3, 'category': 'drinks', 'store_id': 'bonarea', 'quantity': '1 l'}
[2025-05-24 20:10:26] Supabase Response: data=[{'name': 'Salmorejo bric', 'price': 2.3, 'category': 'drinks', 'store_id': 'bonarea', 'quantity': '1 l', 'id': 'c8155890-8e41-4a19-9613-129ebf8a117b', 'created_at': '2025-05-24T17:10:25.107436'}] count=None
[2025-05-24 20:10:26] ✅ Successfully inserted: Salmorejo bric
[2025-05-24 20:10:26] Attempting to insert product: {'name': 'Gaspatxo estil andalús', 'price': 1.1, 'category': 'drinks', 'store_id': 'bonarea', 'quantity': '300 g'}
[2025-05-24 20:10:26] Supabase Response: data=[{'name': 'Gaspatxo estil andalús', 'price': 1.1, 'category': 'drinks', 'store_id': 'bonarea', 'quantity': '300 g', 'id': 'b279640a-5e6b-4d4c-9df8-063ca79f1d7b', 'created_at': '2025-05-24T17:10:25.36274'}] count=None
[2025-05-24 20:10:26] ✅ Successfully inserted: Gaspatxo estil andalús
[2025-05-24 20:10:26] Attempting to insert product: {'name': 'Gaspatxo de maduixa', 'price': 1.25, 'category': 'drinks', 'store_id': 'bonarea', 'quantity': '300 g'}
[2025-05-24 20:10:26] Supabase Response: data=[{'name': 'Gaspatxo de maduixa', 'price': 1.25, 'category': 'drinks', 'store_id': 'bonarea', 'quantity': '300 g', 'id': 'aacaaa7f-32d9-423c-af77-b0a42fc50aff', 'created_at': '2025-05-24T17:10:25.628818'}] count=None
[2025-05-24 20:10:26] ✅ Successfully inserted: Gaspatxo de maduixa
[2025-05-24 20:10:26] Attempting to insert product: {'name': 'Hummus', 'price': 0.94, 'category': 'drinks', 'store_id': 'bonarea', 'quantity': '200 g'}
[2025-05-24 20:10:27] Supabase Response: data=[{'name': 'Hummus', 'price': 0.94, 'category': 'drinks', 'store_id': 'bonarea', 'quantity': '200 g', 'id': '72f34255-eb28-4464-bc2d-4108857a1004', 'created_at': '2025-05-24T17:10:25.870682'}] count=None
[2025-05-24 20:10:27] ✅ Successfully inserted: Hummus
[2025-05-24 20:10:27] Attempting to insert product: {'name': 'Cap de llom filetejat a la planxa', 'price': 2.4, 'category': 'drinks', 'store_id': 'bonarea', 'quantity': 'aprox. 198 g'}
[2025-05-24 20:10:27] Supabase Response: data=[{'name': 'Cap de llom filetejat a la planxa', 'price': 2.4, 'category': 'drinks', 'store_id': 'bonarea', 'quantity': 'aprox. 198 g', 'id': '153e96fd-22e2-4be2-8752-856ba7d225fa', 'created_at': '2025-05-24T17:10:26.142581'}] count=None
[2025-05-24 20:10:27] ✅ Successfully inserted: Cap de llom filetejat a la planxa
[2025-05-24 20:10:27] Attempting to insert product: {'name': "Conill d'espatlla d'anoll", 'price': 16.91, 'category': 'drinks', 'store_id': 'bonarea', 'quantity': 'aprox. 1,6 kg'}
[2025-05-24 20:10:27] Supabase Response: data=[{'name': "Conill d'espatlla d'anoll", 'price': 16.91, 'category': 'drinks', 'store_id': 'bonarea', 'quantity': 'aprox. 1,6 kg', 'id': '795c752e-6213-47ea-92d7-ea5ef9e44fcd', 'created_at': '2025-05-24T17:10:26.446006'}] count=None
[2025-05-24 20:10:27] ✅ Successfully inserted: Conill d'espatlla d'anoll
[2025-05-24 20:10:27] Attempting to insert product: {'name': "Jarret d'anoll", 'price': 22.76, 'category': 'drinks', 'store_id': 'bonarea', 'quantity': 'aprox. 2,0 kg'}
[2025-05-24 20:10:27] Supabase Response: data=[{'name': "Jarret d'anoll", 'price': 22.76, 'category': 'drinks', 'store_id': 'bonarea', 'quantity': 'aprox. 2,0 kg', 'id': '2fcd172e-db6c-44a7-9846-d0d80d2f024a', 'created_at': '2025-05-24T17:10:26.711312'}] count=None
[2025-05-24 20:10:27] ✅ Successfully inserted: Jarret d'anoll
[2025-05-24 20:10:28] Attempting to insert product: {'name': 'Mixt de bull negre i donegal', 'price': 1.1, 'category': 'drinks', 'store_id': 'bonarea', 'quantity': 'aprox. 143 g'}
[2025-05-24 20:10:28] Supabase Response: data=[{'name': 'Mixt de bull negre i donegal', 'price': 1.1, 'category': 'drinks', 'store_id': 'bonarea', 'quantity': 'aprox. 143 g', 'id': '59ba8f34-64c5-49d6-913b-1f04712d4cef', 'created_at': '2025-05-24T17:10:27.077592'}] count=None
[2025-05-24 20:10:28] ✅ Successfully inserted: Mixt de bull negre i donegal
[2025-05-24 20:10:28] Attempting to insert product: {'name': 'Càpsules Nescafé Dolce Gusto espresso intens', 'price': 4.25, 'category': 'drinks', 'store_id': 'bonarea', 'quantity': '16 u.'}
[2025-05-24 20:10:28] Supabase Response: data=[{'name': 'Càpsules Nescafé Dolce Gusto espresso intens', 'price': 4.25, 'category': 'drinks', 'store_id': 'bonarea', 'quantity': '16 u.', 'id': '5b6af8d5-da9e-4ee3-9b98-d60d019aba3a', 'created_at': '2025-05-24T17:10:27.364504'}] count=None
[2025-05-24 20:10:28] ✅ Successfully inserted: Càpsules Nescafé Dolce Gusto espresso intens
[2025-05-24 20:10:28] Attempting to insert product: {'name': 'Salmó adults', 'price': 13.8, 'category': 'drinks', 'store_id': 'bonarea', 'quantity': '10 kg'}
[2025-05-24 20:10:28] Supabase Response: data=[{'name': 'Salmó adults', 'price': 13.8, 'category': 'drinks', 'store_id': 'bonarea', 'quantity': '10 kg', 'id': 'c295939a-8bce-4b5d-90f3-74c69d58d34f', 'created_at': '2025-05-24T17:10:27.635027'}] count=None
[2025-05-24 20:10:28] ✅ Successfully inserted: Salmó adults
[2025-05-24 20:10:28] Attempting to insert product: {'name': 'Salmó adults', 'price': 4.44, 'category': 'drinks', 'store_id': 'bonarea', 'quantity': '3 kg'}
[2025-05-24 20:10:29] Supabase Response: data=[{'name': 'Salmó adults', 'price': 4.44, 'category': 'drinks', 'store_id': 'bonarea', 'quantity': '3 kg', 'id': '96105a39-6ec5-463f-bd9e-2cdc549b5b4a', 'created_at': '2025-05-24T17:10:27.977845'}] count=None
[2025-05-24 20:10:29] ✅ Successfully inserted: Salmó adults
[2025-05-24 20:10:29] Attempting to insert product: {'name': 'Original adults', 'price': 13.6, 'category': 'drinks', 'store_id': 'bonarea', 'quantity': '10 kg'}
[2025-05-24 20:10:29] Supabase Response: data=[{'name': 'Original adults', 'price': 13.6, 'category': 'drinks', 'store_id': 'bonarea', 'quantity': '10 kg', 'id': '4b350d15-dbb8-45b7-baaf-34a785bae96d', 'created_at': '2025-05-24T17:10:28.28691'}] count=None
[2025-05-24 20:10:29] ✅ Successfully inserted: Original adults
[2025-05-24 20:10:29] Attempting to insert product: {'name': 'Original adults', 'price': 4.38, 'category': 'drinks', 'store_id': 'bonarea', 'quantity': '3 kg'}
[2025-05-24 20:10:29] Supabase Response: data=[{'name': 'Original adults', 'price': 4.38, 'category': 'drinks', 'store_id': 'bonarea', 'quantity': '3 kg', 'id': '30b5efc5-4ae5-4f37-aab4-9e29962f4f0c', 'created_at': '2025-05-24T17:10:28.551084'}] count=None
[2025-05-24 20:10:29] ✅ Successfully inserted: Original adults
[2025-05-24 20:10:29] Attempting to insert product: {'name': 'Junior 2-12 mesos', 'price': 15.9, 'category': 'drinks', 'store_id': 'bonarea', 'quantity': '10 kg'}
[2025-05-24 20:10:30] Supabase Response: data=[{'name': 'Junior 2-12 mesos', 'price': 15.9, 'category': 'drinks', 'store_id': 'bonarea', 'quantity': '10 kg', 'id': '7391dfb0-ee30-4ce6-99b4-a6792f3bb0c5', 'created_at': '2025-05-24T17:10:28.896735'}] count=None
[2025-05-24 20:10:30] ✅ Successfully inserted: Junior 2-12 mesos
[2025-05-24 20:10:30] Attempting to insert product: {'name': 'Junior 2-12 mesos', 'price': 5.07, 'category': 'drinks', 'store_id': 'bonarea', 'quantity': '3 kg'}
[2025-05-24 20:10:30] Supabase Response: data=[{'name': 'Junior 2-12 mesos', 'price': 5.07, 'category': 'drinks', 'store_id': 'bonarea', 'quantity': '3 kg', 'id': 'cead404c-cefa-43c6-a240-7e108c96fec6', 'created_at': '2025-05-24T17:10:29.227909'}] count=None
[2025-05-24 20:10:30] ✅ Successfully inserted: Junior 2-12 mesos
[2025-05-24 20:10:30] Attempting to insert product: {'name': 'Pit de pollastre groc sencer', 'price': 4.54, 'category': 'drinks', 'store_id': 'bonarea', 'quantity': 'aprox. 693 g'}
[2025-05-24 20:10:30] Supabase Response: data=[{'name': 'Pit de pollastre groc sencer', 'price': 4.54, 'category': 'drinks', 'store_id': 'bonarea', 'quantity': 'aprox. 693 g', 'id': 'c528a378-54de-41a7-967d-b33cd8a269d4', 'created_at': '2025-05-24T17:10:29.512783'}] count=None
[2025-05-24 20:10:30] ✅ Successfully inserted: Pit de pollastre groc sencer
[2025-05-24 20:10:30] Attempting to insert product: {'name': 'Pernilets de pollastre groc', 'price': 3.64, 'category': 'drinks', 'store_id': 'bonarea', 'quantity': 'aprox. 1,0 kg'}
[2025-05-24 20:10:31] Supabase Response: data=[{'name': 'Pernilets de pollastre groc', 'price': 3.64, 'category': 'drinks', 'store_id': 'bonarea', 'quantity': 'aprox. 1,0 kg', 'id': 'd546fba3-fbbb-4941-ac46-40dd8f0216f2', 'created_at': '2025-05-24T17:10:29.838448'}] count=None
[2025-05-24 20:10:31] ✅ Successfully inserted: Pernilets de pollastre groc
[2025-05-24 20:10:31] Attempting to insert product: {'name': 'Pit de pollastre blanc sencer', 'price': 4.68, 'category': 'drinks', 'store_id': 'bonarea', 'quantity': 'aprox. 715 g'}
[2025-05-24 20:10:31] Supabase Response: data=[{'name': 'Pit de pollastre blanc sencer', 'price': 4.68, 'category': 'drinks', 'store_id': 'bonarea', 'quantity': 'aprox. 715 g', 'id': 'dca045c6-88f1-47bc-baa7-dc426ec30a34', 'created_at': '2025-05-24T17:10:30.136412'}] count=None
[2025-05-24 20:10:31] ✅ Successfully inserted: Pit de pollastre blanc sencer
[2025-05-24 20:10:31] Attempting to insert product: {'name': 'Pernilets de pollastre blanc', 'price': 3.8, 'category': 'drinks', 'store_id': 'bonarea', 'quantity': 'aprox. 1,1 kg'}
[2025-05-24 20:10:31] Supabase Response: data=[{'name': 'Pernilets de pollastre blanc', 'price': 3.8, 'category': 'drinks', 'store_id': 'bonarea', 'quantity': 'aprox. 1,1 kg', 'id': '738badd0-1d7a-47d4-85c1-3ff381161507', 'created_at': '2025-05-24T17:10:30.438379'}] count=None
[2025-05-24 20:10:31] ✅ Successfully inserted: Pernilets de pollastre blanc
[2025-05-24 20:10:31] Attempting to insert product: {'name': 'Pit de pollastre groc filetejat', 'price': 4.69, 'category': 'drinks', 'store_id': 'bonarea', 'quantity': 'aprox. 660 g'}
[2025-05-24 20:10:31] Supabase Response: data=[{'name': 'Pit de pollastre groc filetejat', 'price': 4.69, 'category': 'drinks', 'store_id': 'bonarea', 'quantity': 'aprox. 660 g', 'id': '8891f643-c835-485a-8858-16c04f60e094', 'created_at': '2025-05-24T17:10:30.753171'}] count=None
[2025-05-24 20:10:31] ✅ Successfully inserted: Pit de pollastre groc filetejat
[2025-05-24 20:10:32] Attempting to insert product: {'name': 'Pit de pollastre sencer 65% cereals', 'price': 4.57, 'category': 'drinks', 'store_id': 'bonarea', 'quantity': 'aprox. 605 g'}
[2025-05-24 20:10:32] Supabase Response: data=[{'name': 'Pit de pollastre sencer 65% cereals', 'price': 4.57, 'category': 'drinks', 'store_id': 'bonarea', 'quantity': 'aprox. 605 g', 'id': 'f0b5102c-d79a-40bc-954a-6420e5b8d690', 'created_at': '2025-05-24T17:10:31.042613'}] count=None
[2025-05-24 20:10:32] ✅ Successfully inserted: Pit de pollastre sencer 65% cereals
[2025-05-24 20:10:36] Attempting to insert product: {'name': 'Gaspatxo', 'price': 2.85, 'category': 'drinks', 'store_id': 'bonarea', 'quantity': '1 l'}
[2025-05-24 20:10:36] Supabase Response: data=[{'name': 'Gaspatxo', 'price': 2.85, 'category': 'drinks', 'store_id': 'bonarea', 'quantity': '1 l', 'id': '65e45fa0-8a63-483c-9fa4-3365861ced84', 'created_at': '2025-05-24T17:10:35.170494'}] count=None
[2025-05-24 20:10:36] ✅ Successfully inserted: Gaspatxo
[2025-05-24 20:10:36] Attempting to insert product: {'name': 'Salmorejo', 'price': 3.15, 'category': 'drinks', 'store_id': 'bonarea', 'quantity': '1 l'}
[2025-05-24 20:10:36] Supabase Response: data=[{'name': 'Salmorejo', 'price': 3.15, 'category': 'drinks', 'store_id': 'bonarea', 'quantity': '1 l', 'id': 'c3442727-bc51-475c-ab80-f2b8e42c88ac', 'created_at': '2025-05-24T17:10:35.475262'}] count=None
[2025-05-24 20:10:36] ✅ Successfully inserted: Salmorejo
[2025-05-24 20:10:36] Attempting to insert product: {'name': 'Gaspatxo bric', 'price': 1.95, 'category': 'drinks', 'store_id': 'bonarea', 'quantity': '1 l'}
[2025-05-24 20:10:36] Supabase Response: data=[{'name': 'Gaspatxo bric', 'price': 1.95, 'category': 'drinks', 'store_id': 'bonarea', 'quantity': '1 l', 'id': 'fc8a243f-2b6a-4f6b-ba83-88e82e660428', 'created_at': '2025-05-24T17:10:35.761345'}] count=None
[2025-05-24 20:10:36] ✅ Successfully inserted: Gaspatxo bric
[2025-05-24 20:10:36] Attempting to insert product: {'name': 'Salmorejo bric', 'price': 2.3, 'category': 'drinks', 'store_id': 'bonarea', 'quantity': '1 l'}
[2025-05-24 20:10:37] Supabase Response: data=[{'name': 'Salmorejo bric', 'price': 2.3, 'category': 'drinks', 'store_id': 'bonarea', 'quantity': '1 l', 'id': 'ec97e7db-fc6f-4397-9aaa-2e172d945cad', 'created_at': '2025-05-24T17:10:36.019423'}] count=None
[2025-05-24 20:10:37] ✅ Successfully inserted: Salmorejo bric
[2025-05-24 20:10:37] Attempting to insert product: {'name': 'Gaspatxo estil andalús', 'price': 1.1, 'category': 'drinks', 'store_id': 'bonarea', 'quantity': '300 g'}
[2025-05-24 20:10:37] Supabase Response: data=[{'name': 'Gaspatxo estil andalús', 'price': 1.1, 'category': 'drinks', 'store_id': 'bonarea', 'quantity': '300 g', 'id': '6477edb6-54da-4cd4-922f-95ebf7464e6f', 'created_at': '2025-05-24T17:10:36.263864'}] count=None
[2025-05-24 20:10:37] ✅ Successfully inserted: Gaspatxo estil andalús
[2025-05-24 20:10:37] Attempting to insert product: {'name': 'Gaspatxo de maduixa', 'price': 1.25, 'category': 'drinks', 'store_id': 'bonarea', 'quantity': '300 g'}
[2025-05-24 20:10:37] Supabase Response: data=[{'name': 'Gaspatxo de maduixa', 'price': 1.25, 'category': 'drinks', 'store_id': 'bonarea', 'quantity': '300 g', 'id': '8c4a54e2-f582-4636-9421-0756c80dcf87', 'created_at': '2025-05-24T17:10:36.5049'}] count=None
[2025-05-24 20:10:37] ✅ Successfully inserted: Gaspatxo de maduixa
[2025-05-24 20:10:37] Attempting to insert product: {'name': 'Hummus', 'price': 0.94, 'category': 'drinks', 'store_id': 'bonarea', 'quantity': '200 g'}
[2025-05-24 20:10:37] Supabase Response: data=[{'name': 'Hummus', 'price': 0.94, 'category': 'drinks', 'store_id': 'bonarea', 'quantity': '200 g', 'id': '931b9264-9cbb-422b-bc2d-7211d979fd45', 'created_at': '2025-05-24T17:10:36.748193'}] count=None
[2025-05-24 20:10:37] ✅ Successfully inserted: Hummus
[2025-05-24 20:10:37] Attempting to insert product: {'name': 'Cap de llom filetejat a la planxa', 'price': 2.4, 'category': 'drinks', 'store_id': 'bonarea', 'quantity': 'aprox. 198 g'}
[2025-05-24 20:10:38] Supabase Response: data=[{'name': 'Cap de llom filetejat a la planxa', 'price': 2.4, 'category': 'drinks', 'store_id': 'bonarea', 'quantity': 'aprox. 198 g', 'id': 'fc51cb0d-0243-44e2-a97b-058c25b66509', 'created_at': '2025-05-24T17:10:36.987529'}] count=None
[2025-05-24 20:10:38] ✅ Successfully inserted: Cap de llom filetejat a la planxa
[2025-05-24 20:10:38] Attempting to insert product: {'name': "Conill d'espatlla d'anoll", 'price': 16.91, 'category': 'drinks', 'store_id': 'bonarea', 'quantity': 'aprox. 1,6 kg'}
[2025-05-24 20:10:38] Supabase Response: data=[{'name': "Conill d'espatlla d'anoll", 'price': 16.91, 'category': 'drinks', 'store_id': 'bonarea', 'quantity': 'aprox. 1,6 kg', 'id': 'cfd87fbd-036e-4562-8a2d-5329a70c6ca5', 'created_at': '2025-05-24T17:10:37.244322'}] count=None
[2025-05-24 20:10:38] ✅ Successfully inserted: Conill d'espatlla d'anoll
[2025-05-24 20:10:38] Attempting to insert product: {'name': "Jarret d'anoll", 'price': 22.76, 'category': 'drinks', 'store_id': 'bonarea', 'quantity': 'aprox. 2,0 kg'}
[2025-05-24 20:10:38] Supabase Response: data=[{'name': "Jarret d'anoll", 'price': 22.76, 'category': 'drinks', 'store_id': 'bonarea', 'quantity': 'aprox. 2,0 kg', 'id': 'f6296aae-15b5-41b4-b118-ed537d13c11f', 'created_at': '2025-05-24T17:10:37.483837'}] count=None
[2025-05-24 20:10:38] ✅ Successfully inserted: Jarret d'anoll
[2025-05-24 20:10:38] Attempting to insert product: {'name': 'Mixt de bull negre i donegal', 'price': 1.1, 'category': 'drinks', 'store_id': 'bonarea', 'quantity': 'aprox. 143 g'}
[2025-05-24 20:10:38] Supabase Response: data=[{'name': 'Mixt de bull negre i donegal', 'price': 1.1, 'category': 'drinks', 'store_id': 'bonarea', 'quantity': 'aprox. 143 g', 'id': '8611a02a-6e5f-4d63-bb4c-0f49325323c2', 'created_at': '2025-05-24T17:10:37.747013'}] count=None
[2025-05-24 20:10:38] ✅ Successfully inserted: Mixt de bull negre i donegal
[2025-05-24 20:10:38] Attempting to insert product: {'name': 'Càpsules Nescafé Dolce Gusto espresso intens', 'price': 4.25, 'category': 'drinks', 'store_id': 'bonarea', 'quantity': '16 u.'}
[2025-05-24 20:10:39] Supabase Response: data=[{'name': 'Càpsules Nescafé Dolce Gusto espresso intens', 'price': 4.25, 'category': 'drinks', 'store_id': 'bonarea', 'quantity': '16 u.', 'id': '8b3f8d98-ef81-442d-a7f7-04ae037f8879', 'created_at': '2025-05-24T17:10:38.010897'}] count=None
[2025-05-24 20:10:39] ✅ Successfully inserted: Càpsules Nescafé Dolce Gusto espresso intens
[2025-05-24 20:10:39] Attempting to insert product: {'name': 'Salmó adults', 'price': 13.8, 'category': 'drinks', 'store_id': 'bonarea', 'quantity': '10 kg'}
[2025-05-24 20:10:39] Supabase Response: data=[{'name': 'Salmó adults', 'price': 13.8, 'category': 'drinks', 'store_id': 'bonarea', 'quantity': '10 kg', 'id': 'c6c50271-0f43-4586-bddc-cd7e03ce8521', 'created_at': '2025-05-24T17:10:38.319024'}] count=None
[2025-05-24 20:10:39] ✅ Successfully inserted: Salmó adults
[2025-05-24 20:10:39] Attempting to insert product: {'name': 'Salmó adults', 'price': 4.44, 'category': 'drinks', 'store_id': 'bonarea', 'quantity': '3 kg'}
[2025-05-24 20:10:39] Supabase Response: data=[{'name': 'Salmó adults', 'price': 4.44, 'category': 'drinks', 'store_id': 'bonarea', 'quantity': '3 kg', 'id': 'b75dfa82-ca3f-4e66-b21e-a977319b9710', 'created_at': '2025-05-24T17:10:38.64885'}] count=None
[2025-05-24 20:10:39] ✅ Successfully inserted: Salmó adults
[2025-05-24 20:10:39] Attempting to insert product: {'name': 'Original adults', 'price': 13.6, 'category': 'drinks', 'store_id': 'bonarea', 'quantity': '10 kg'}
[2025-05-24 20:10:40] Supabase Response: data=[{'name': 'Original adults', 'price': 13.6, 'category': 'drinks', 'store_id': 'bonarea', 'quantity': '10 kg', 'id': 'b7893179-03a9-4979-997a-e101ad54294d', 'created_at': '2025-05-24T17:10:38.935023'}] count=None
[2025-05-24 20:10:40] ✅ Successfully inserted: Original adults
[2025-05-24 20:10:40] Attempting to insert product: {'name': 'Original adults', 'price': 4.38, 'category': 'drinks', 'store_id': 'bonarea', 'quantity': '3 kg'}
[2025-05-24 20:10:40] Supabase Response: data=[{'name': 'Original adults', 'price': 4.38, 'category': 'drinks', 'store_id': 'bonarea', 'quantity': '3 kg', 'id': 'e4117de2-e3b4-4416-8e87-3fc580df5b27', 'created_at': '2025-05-24T17:10:39.247927'}] count=None
[2025-05-24 20:10:40] ✅ Successfully inserted: Original adults
[2025-05-24 20:10:40] Attempting to insert product: {'name': 'Junior 2-12 mesos', 'price': 15.9, 'category': 'drinks', 'store_id': 'bonarea', 'quantity': '10 kg'}
[2025-05-24 20:10:40] Supabase Response: data=[{'name': 'Junior 2-12 mesos', 'price': 15.9, 'category': 'drinks', 'store_id': 'bonarea', 'quantity': '10 kg', 'id': '8fe079b9-8f38-4cb9-bd05-d3fde24642a2', 'created_at': '2025-05-24T17:10:39.562538'}] count=None
[2025-05-24 20:10:40] ✅ Successfully inserted: Junior 2-12 mesos
[2025-05-24 20:10:40] Attempting to insert product: {'name': 'Junior 2-12 mesos', 'price': 5.07, 'category': 'drinks', 'store_id': 'bonarea', 'quantity': '3 kg'}
[2025-05-24 20:10:41] Supabase Response: data=[{'name': 'Junior 2-12 mesos', 'price': 5.07, 'category': 'drinks', 'store_id': 'bonarea', 'quantity': '3 kg', 'id': '7aaa1760-a8a3-4c1e-ae31-a18de046e009', 'created_at': '2025-05-24T17:10:39.862412'}] count=None
[2025-05-24 20:10:41] ✅ Successfully inserted: Junior 2-12 mesos
[2025-05-24 20:10:41] Attempting to insert product: {'name': 'Pit de pollastre groc sencer', 'price': 4.54, 'category': 'drinks', 'store_id': 'bonarea', 'quantity': 'aprox. 693 g'}
[2025-05-24 20:10:41] Supabase Response: data=[{'name': 'Pit de pollastre groc sencer', 'price': 4.54, 'category': 'drinks', 'store_id': 'bonarea', 'quantity': 'aprox. 693 g', 'id': '8924118b-eced-43b4-a470-8da6484725ad', 'created_at': '2025-05-24T17:10:40.185367'}] count=None
[2025-05-24 20:10:41] ✅ Successfully inserted: Pit de pollastre groc sencer
[2025-05-24 20:10:41] Attempting to insert product: {'name': 'Pernilets de pollastre groc', 'price': 3.64, 'category': 'drinks', 'store_id': 'bonarea', 'quantity': 'aprox. 1,0 kg'}
[2025-05-24 20:10:41] Supabase Response: data=[{'name': 'Pernilets de pollastre groc', 'price': 3.64, 'category': 'drinks', 'store_id': 'bonarea', 'quantity': 'aprox. 1,0 kg', 'id': 'f526e333-af0b-464a-811d-f59dbddd89f7', 'created_at': '2025-05-24T17:10:40.473699'}] count=None
[2025-05-24 20:10:41] ✅ Successfully inserted: Pernilets de pollastre groc
[2025-05-24 20:10:41] Attempting to insert product: {'name': 'Pit de pollastre blanc sencer', 'price': 4.68, 'category': 'drinks', 'store_id': 'bonarea', 'quantity': 'aprox. 715 g'}
[2025-05-24 20:10:42] Supabase Response: data=[{'name': 'Pit de pollastre blanc sencer', 'price': 4.68, 'category': 'drinks', 'store_id': 'bonarea', 'quantity': 'aprox. 715 g', 'id': 'd77fa35a-3069-4203-bf4f-a9552308208a', 'created_at': '2025-05-24T17:10:40.780152'}] count=None
[2025-05-24 20:10:42] ✅ Successfully inserted: Pit de pollastre blanc sencer
[2025-05-24 20:10:42] Attempting to insert product: {'name': 'Pernilets de pollastre blanc', 'price': 3.8, 'category': 'drinks', 'store_id': 'bonarea', 'quantity': 'aprox. 1,1 kg'}
[2025-05-24 20:10:42] Supabase Response: data=[{'name': 'Pernilets de pollastre blanc', 'price': 3.8, 'category': 'drinks', 'store_id': 'bonarea', 'quantity': 'aprox. 1,1 kg', 'id': '7122c8d9-1aca-4f7a-b6b3-86d0b875da6a', 'created_at': '2025-05-24T17:10:41.167693'}] count=None
[2025-05-24 20:10:42] ✅ Successfully inserted: Pernilets de pollastre blanc
[2025-05-24 20:10:42] Attempting to insert product: {'name': 'Pit de pollastre groc filetejat', 'price': 4.69, 'category': 'drinks', 'store_id': 'bonarea', 'quantity': 'aprox. 660 g'}
[2025-05-24 20:10:42] Supabase Response: data=[{'name': 'Pit de pollastre groc filetejat', 'price': 4.69, 'category': 'drinks', 'store_id': 'bonarea', 'quantity': 'aprox. 660 g', 'id': '4c358534-601f-48b3-935f-5ead10a388f5', 'created_at': '2025-05-24T17:10:41.496021'}] count=None
[2025-05-24 20:10:42] ✅ Successfully inserted: Pit de pollastre groc filetejat
[2025-05-24 20:10:42] Attempting to insert product: {'name': 'Pit de pollastre sencer 65% cereals', 'price': 4.57, 'category': 'drinks', 'store_id': 'bonarea', 'quantity': 'aprox. 605 g'}
[2025-05-24 20:10:43] Supabase Response: data=[{'name': 'Pit de pollastre sencer 65% cereals', 'price': 4.57, 'category': 'drinks', 'store_id': 'bonarea', 'quantity': 'aprox. 605 g', 'id': 'cc878916-2ee5-4fe6-830f-b0573d4d7905', 'created_at': '2025-05-24T17:10:41.798105'}] count=None
[2025-05-24 20:10:43] ✅ Successfully inserted: Pit de pollastre sencer 65% cereals
[2025-05-24 20:10:46] Attempting to insert product: {'name': 'Gaspatxo', 'price': 2.85, 'category': 'drinks', 'store_id': 'bonarea', 'quantity': '1 l'}
[2025-05-24 20:10:47] Supabase Response: data=[{'name': 'Gaspatxo', 'price': 2.85, 'category': 'drinks', 'store_id': 'bonarea', 'quantity': '1 l', 'id': 'f21e4c28-8f9e-4d6c-9bd2-f649e1e1bb22', 'created_at': '2025-05-24T17:10:45.935798'}] count=None
[2025-05-24 20:10:47] ✅ Successfully inserted: Gaspatxo
[2025-05-24 20:10:47] Attempting to insert product: {'name': 'Salmorejo', 'price': 3.15, 'category': 'drinks', 'store_id': 'bonarea', 'quantity': '1 l'}
[2025-05-24 20:10:47] Supabase Response: data=[{'name': 'Salmorejo', 'price': 3.15, 'category': 'drinks', 'store_id': 'bonarea', 'quantity': '1 l', 'id': '861fd0b3-006a-4de5-91ac-fc9befe9d0a7', 'created_at': '2025-05-24T17:10:46.177212'}] count=None
[2025-05-24 20:10:47] ✅ Successfully inserted: Salmorejo
[2025-05-24 20:10:47] Attempting to insert product: {'name': 'Gaspatxo bric', 'price': 1.95, 'category': 'drinks', 'store_id': 'bonarea', 'quantity': '1 l'}
[2025-05-24 20:10:47] Supabase Response: data=[{'name': 'Gaspatxo bric', 'price': 1.95, 'category': 'drinks', 'store_id': 'bonarea', 'quantity': '1 l', 'id': 'b14f68b6-2ca6-4aaf-b827-06be3018e8b8', 'created_at': '2025-05-24T17:10:46.434857'}] count=None
[2025-05-24 20:10:47] ✅ Successfully inserted: Gaspatxo bric
[2025-05-24 20:10:47] Attempting to insert product: {'name': 'Salmorejo bric', 'price': 2.3, 'category': 'drinks', 'store_id': 'bonarea', 'quantity': '1 l'}
[2025-05-24 20:10:47] Supabase Response: data=[{'name': 'Salmorejo bric', 'price': 2.3, 'category': 'drinks', 'store_id': 'bonarea', 'quantity': '1 l', 'id': '13223d01-10ac-4cfd-b9d3-afb4f4e44987', 'created_at': '2025-05-24T17:10:46.683657'}] count=None
[2025-05-24 20:10:47] ✅ Successfully inserted: Salmorejo bric
[2025-05-24 20:10:47] Attempting to insert product: {'name': 'Gaspatxo estil andalús', 'price': 1.1, 'category': 'drinks', 'store_id': 'bonarea', 'quantity': '300 g'}
[2025-05-24 20:10:48] Supabase Response: data=[{'name': 'Gaspatxo estil andalús', 'price': 1.1, 'category': 'drinks', 'store_id': 'bonarea', 'quantity': '300 g', 'id': 'cb1dc683-7704-4508-bb2f-2434f4057e5e', 'created_at': '2025-05-24T17:10:46.937256'}] count=None
[2025-05-24 20:10:48] ✅ Successfully inserted: Gaspatxo estil andalús
[2025-05-24 20:10:48] Attempting to insert product: {'name': 'Gaspatxo de maduixa', 'price': 1.25, 'category': 'drinks', 'store_id': 'bonarea', 'quantity': '300 g'}
[2025-05-24 20:10:48] Supabase Response: data=[{'name': 'Gaspatxo de maduixa', 'price': 1.25, 'category': 'drinks', 'store_id': 'bonarea', 'quantity': '300 g', 'id': '1186b814-ec1b-4013-a0ce-ab286abc1ccd', 'created_at': '2025-05-24T17:10:47.197558'}] count=None
[2025-05-24 20:10:48] ✅ Successfully inserted: Gaspatxo de maduixa
[2025-05-24 20:10:48] Attempting to insert product: {'name': 'Hummus', 'price': 0.94, 'category': 'drinks', 'store_id': 'bonarea', 'quantity': '200 g'}
[2025-05-24 20:10:48] Supabase Response: data=[{'name': 'Hummus', 'price': 0.94, 'category': 'drinks', 'store_id': 'bonarea', 'quantity': '200 g', 'id': 'ee821766-7413-4a6c-ab60-660fa7a02736', 'created_at': '2025-05-24T17:10:47.435497'}] count=None
[2025-05-24 20:10:48] ✅ Successfully inserted: Hummus
[2025-05-24 20:10:48] Attempting to insert product: {'name': 'Cap de llom filetejat a la planxa', 'price': 2.4, 'category': 'drinks', 'store_id': 'bonarea', 'quantity': 'aprox. 198 g'}
[2025-05-24 20:10:48] Supabase Response: data=[{'name': 'Cap de llom filetejat a la planxa', 'price': 2.4, 'category': 'drinks', 'store_id': 'bonarea', 'quantity': 'aprox. 198 g', 'id': 'de8c6dbf-dab2-4e8e-9ca1-736f81534d1f', 'created_at': '2025-05-24T17:10:47.674657'}] count=None
[2025-05-24 20:10:48] ✅ Successfully inserted: Cap de llom filetejat a la planxa
[2025-05-24 20:10:48] Attempting to insert product: {'name': "Conill d'espatlla d'anoll", 'price': 16.91, 'category': 'drinks', 'store_id': 'bonarea', 'quantity': 'aprox. 1,6 kg'}
[2025-05-24 20:10:49] Supabase Response: data=[{'name': "Conill d'espatlla d'anoll", 'price': 16.91, 'category': 'drinks', 'store_id': 'bonarea', 'quantity': 'aprox. 1,6 kg', 'id': '79bc04a9-96eb-4875-9db9-a240e2e87c3a', 'created_at': '2025-05-24T17:10:47.92909'}] count=None
[2025-05-24 20:10:49] ✅ Successfully inserted: Conill d'espatlla d'anoll
[2025-05-24 20:10:49] Attempting to insert product: {'name': "Jarret d'anoll", 'price': 22.76, 'category': 'drinks', 'store_id': 'bonarea', 'quantity': 'aprox. 2,0 kg'}
[2025-05-24 20:10:49] Supabase Response: data=[{'name': "Jarret d'anoll", 'price': 22.76, 'category': 'drinks', 'store_id': 'bonarea', 'quantity': 'aprox. 2,0 kg', 'id': 'a41db86a-5acc-4fda-ad1a-3805e05fe3e3', 'created_at': '2025-05-24T17:10:48.170715'}] count=None
[2025-05-24 20:10:49] ✅ Successfully inserted: Jarret d'anoll
[2025-05-24 20:10:49] Attempting to insert product: {'name': 'Mixt de bull negre i donegal', 'price': 1.1, 'category': 'drinks', 'store_id': 'bonarea', 'quantity': 'aprox. 143 g'}
[2025-05-24 20:10:49] Supabase Response: data=[{'name': 'Mixt de bull negre i donegal', 'price': 1.1, 'category': 'drinks', 'store_id': 'bonarea', 'quantity': 'aprox. 143 g', 'id': 'c1b1b647-02f2-4102-b820-670e891fcf7a', 'created_at': '2025-05-24T17:10:48.457743'}] count=None
[2025-05-24 20:10:49] ✅ Successfully inserted: Mixt de bull negre i donegal
[2025-05-24 20:10:49] Attempting to insert product: {'name': 'Càpsules Nescafé Dolce Gusto espresso intens', 'price': 4.25, 'category': 'drinks', 'store_id': 'bonarea', 'quantity': '16 u.'}
[2025-05-24 20:10:49] Supabase Response: data=[{'name': 'Càpsules Nescafé Dolce Gusto espresso intens', 'price': 4.25, 'category': 'drinks', 'store_id': 'bonarea', 'quantity': '16 u.', 'id': '76954747-b314-4d99-800b-209004049f9b', 'created_at': '2025-05-24T17:10:48.765315'}] count=None
[2025-05-24 20:10:49] ✅ Successfully inserted: Càpsules Nescafé Dolce Gusto espresso intens
[2025-05-24 20:10:50] Attempting to insert product: {'name': 'Salmó adults', 'price': 13.8, 'category': 'drinks', 'store_id': 'bonarea', 'quantity': '10 kg'}
[2025-05-24 20:10:50] Supabase Response: data=[{'name': 'Salmó adults', 'price': 13.8, 'category': 'drinks', 'store_id': 'bonarea', 'quantity': '10 kg', 'id': 'd0ef83e3-341b-4555-b73b-29bf422fc567', 'created_at': '2025-05-24T17:10:49.077697'}] count=None
[2025-05-24 20:10:50] ✅ Successfully inserted: Salmó adults
[2025-05-24 20:10:50] Attempting to insert product: {'name': 'Salmó adults', 'price': 4.44, 'category': 'drinks', 'store_id': 'bonarea', 'quantity': '3 kg'}
[2025-05-24 20:10:50] Supabase Response: data=[{'name': 'Salmó adults', 'price': 4.44, 'category': 'drinks', 'store_id': 'bonarea', 'quantity': '3 kg', 'id': 'a53bce50-f8b2-4867-8fcb-e42b4bf99f6c', 'created_at': '2025-05-24T17:10:49.381305'}] count=None
[2025-05-24 20:10:50] ✅ Successfully inserted: Salmó adults
[2025-05-24 20:10:50] Attempting to insert product: {'name': 'Original adults', 'price': 13.6, 'category': 'drinks', 'store_id': 'bonarea', 'quantity': '10 kg'}
[2025-05-24 20:10:50] Supabase Response: data=[{'name': 'Original adults', 'price': 13.6, 'category': 'drinks', 'store_id': 'bonarea', 'quantity': '10 kg', 'id': 'a070c1e9-cb1c-4853-b916-1ed3c289dd22', 'created_at': '2025-05-24T17:10:49.69111'}] count=None
[2025-05-24 20:10:50] ✅ Successfully inserted: Original adults
[2025-05-24 20:10:50] Attempting to insert product: {'name': 'Original adults', 'price': 4.38, 'category': 'drinks', 'store_id': 'bonarea', 'quantity': '3 kg'}
[2025-05-24 20:10:51] Supabase Response: data=[{'name': 'Original adults', 'price': 4.38, 'category': 'drinks', 'store_id': 'bonarea', 'quantity': '3 kg', 'id': 'd2a0d4ff-6012-4561-bd80-a1906e1c7c45', 'created_at': '2025-05-24T17:10:49.994765'}] count=None
[2025-05-24 20:10:51] ✅ Successfully inserted: Original adults
[2025-05-24 20:10:51] Attempting to insert product: {'name': 'Junior 2-12 mesos', 'price': 15.9, 'category': 'drinks', 'store_id': 'bonarea', 'quantity': '10 kg'}
[2025-05-24 20:10:51] Supabase Response: data=[{'name': 'Junior 2-12 mesos', 'price': 15.9, 'category': 'drinks', 'store_id': 'bonarea', 'quantity': '10 kg', 'id': '187a6b33-30ff-4a8f-b4de-3a531350dc0e', 'created_at': '2025-05-24T17:10:50.303436'}] count=None
[2025-05-24 20:10:51] ✅ Successfully inserted: Junior 2-12 mesos
[2025-05-24 20:10:51] Attempting to insert product: {'name': 'Junior 2-12 mesos', 'price': 5.07, 'category': 'drinks', 'store_id': 'bonarea', 'quantity': '3 kg'}
[2025-05-24 20:10:51] Supabase Response: data=[{'name': 'Junior 2-12 mesos', 'price': 5.07, 'category': 'drinks', 'store_id': 'bonarea', 'quantity': '3 kg', 'id': '3986dbfe-eac4-43e1-a2e2-93b83a17ea7c', 'created_at': '2025-05-24T17:10:50.676251'}] count=None
[2025-05-24 20:10:51] ✅ Successfully inserted: Junior 2-12 mesos
[2025-05-24 20:10:51] Attempting to insert product: {'name': 'Pit de pollastre groc sencer', 'price': 4.54, 'category': 'drinks', 'store_id': 'bonarea', 'quantity': 'aprox. 693 g'}
[2025-05-24 20:10:52] Supabase Response: data=[{'name': 'Pit de pollastre groc sencer', 'price': 4.54, 'category': 'drinks', 'store_id': 'bonarea', 'quantity': 'aprox. 693 g', 'id': '695ee34e-5c4c-46d0-a5d2-f3e1246a4c73', 'created_at': '2025-05-24T17:10:51.105755'}] count=None
[2025-05-24 20:10:52] ✅ Successfully inserted: Pit de pollastre groc sencer
[2025-05-24 20:10:52] Attempting to insert product: {'name': 'Pernilets de pollastre groc', 'price': 3.64, 'category': 'drinks', 'store_id': 'bonarea', 'quantity': 'aprox. 1,0 kg'}
[2025-05-24 20:10:52] Supabase Response: data=[{'name': 'Pernilets de pollastre groc', 'price': 3.64, 'category': 'drinks', 'store_id': 'bonarea', 'quantity': 'aprox. 1,0 kg', 'id': '95da0367-9179-4db0-95a1-58295f0f6cbc', 'created_at': '2025-05-24T17:10:51.510689'}] count=None
[2025-05-24 20:10:52] ✅ Successfully inserted: Pernilets de pollastre groc
[2025-05-24 20:10:52] Attempting to insert product: {'name': 'Pit de pollastre blanc sencer', 'price': 4.68, 'category': 'drinks', 'store_id': 'bonarea', 'quantity': 'aprox. 715 g'}
[2025-05-24 20:10:53] Supabase Response: data=[{'name': 'Pit de pollastre blanc sencer', 'price': 4.68, 'category': 'drinks', 'store_id': 'bonarea', 'quantity': 'aprox. 715 g', 'id': '4d28b8ea-cff9-49ab-b99a-03466508318c', 'created_at': '2025-05-24T17:10:51.835583'}] count=None
[2025-05-24 20:10:53] ✅ Successfully inserted: Pit de pollastre blanc sencer
[2025-05-24 20:10:53] Attempting to insert product: {'name': 'Pernilets de pollastre blanc', 'price': 3.8, 'category': 'drinks', 'store_id': 'bonarea', 'quantity': 'aprox. 1,1 kg'}
[2025-05-24 20:10:53] Supabase Response: data=[{'name': 'Pernilets de pollastre blanc', 'price': 3.8, 'category': 'drinks', 'store_id': 'bonarea', 'quantity': 'aprox. 1,1 kg', 'id': '9a67abfc-0772-45a8-a09b-2525456109a8', 'created_at': '2025-05-24T17:10:52.143991'}] count=None
[2025-05-24 20:10:53] ✅ Successfully inserted: Pernilets de pollastre blanc
[2025-05-24 20:10:53] Attempting to insert product: {'name': 'Pit de pollastre groc filetejat', 'price': 4.69, 'category': 'drinks', 'store_id': 'bonarea', 'quantity': 'aprox. 660 g'}
[2025-05-24 20:10:53] Supabase Response: data=[{'name': 'Pit de pollastre groc filetejat', 'price': 4.69, 'category': 'drinks', 'store_id': 'bonarea', 'quantity': 'aprox. 660 g', 'id': '803a7119-2564-49a8-80a5-ecb51bc98a67', 'created_at': '2025-05-24T17:10:52.450636'}] count=None
[2025-05-24 20:10:53] ✅ Successfully inserted: Pit de pollastre groc filetejat
[2025-05-24 20:10:53] Attempting to insert product: {'name': 'Pit de pollastre sencer 65% cereals', 'price': 4.57, 'category': 'drinks', 'store_id': 'bonarea', 'quantity': 'aprox. 605 g'}
[2025-05-24 20:10:53] Supabase Response: data=[{'name': 'Pit de pollastre sencer 65% cereals', 'price': 4.57, 'category': 'drinks', 'store_id': 'bonarea', 'quantity': 'aprox. 605 g', 'id': 'd642eb79-e1fa-425b-9b72-c738e45e282b', 'created_at': '2025-05-24T17:10:52.765031'}] count=None
[2025-05-24 20:10:53] ✅ Successfully inserted: Pit de pollastre sencer 65% cereals
[2025-05-24 20:10:57] Attempting to insert product: {'name': 'Gaspatxo', 'price': 2.85, 'category': 'drinks', 'store_id': 'bonarea', 'quantity': '1 l'}
[2025-05-24 20:10:57] Supabase Response: data=[{'name': 'Gaspatxo', 'price': 2.85, 'category': 'drinks', 'store_id': 'bonarea', 'quantity': '1 l', 'id': '6b6d53e1-6d2c-47e4-83bc-77e9bee3df2e', 'created_at': '2025-05-24T17:10:56.764471'}] count=None
[2025-05-24 20:10:57] ✅ Successfully inserted: Gaspatxo
[2025-05-24 20:10:58] Attempting to insert product: {'name': 'Salmorejo', 'price': 3.15, 'category': 'drinks', 'store_id': 'bonarea', 'quantity': '1 l'}
[2025-05-24 20:10:58] Supabase Response: data=[{'name': 'Salmorejo', 'price': 3.15, 'category': 'drinks', 'store_id': 'bonarea', 'quantity': '1 l', 'id': '99c1e6d9-b356-4022-8c91-8dda832a290f', 'created_at': '2025-05-24T17:10:57.061335'}] count=None
[2025-05-24 20:10:58] ✅ Successfully inserted: Salmorejo
[2025-05-24 20:10:58] Attempting to insert product: {'name': 'Gaspatxo bric', 'price': 1.95, 'category': 'drinks', 'store_id': 'bonarea', 'quantity': '1 l'}
[2025-05-24 20:10:58] Supabase Response: data=[{'name': 'Gaspatxo bric', 'price': 1.95, 'category': 'drinks', 'store_id': 'bonarea', 'quantity': '1 l', 'id': 'a177b7ce-8b15-4fb3-af23-d8f6e748dae8', 'created_at': '2025-05-24T17:10:57.434252'}] count=None
[2025-05-24 20:10:58] ✅ Successfully inserted: Gaspatxo bric
[2025-05-24 20:10:58] Attempting to insert product: {'name': 'Salmorejo bric', 'price': 2.3, 'category': 'drinks', 'store_id': 'bonarea', 'quantity': '1 l'}
[2025-05-24 20:10:58] Supabase Response: data=[{'name': 'Salmorejo bric', 'price': 2.3, 'category': 'drinks', 'store_id': 'bonarea', 'quantity': '1 l', 'id': 'e4cda244-dbf5-4451-adc0-ebb92bf8b2ac', 'created_at': '2025-05-24T17:10:57.775757'}] count=None
[2025-05-24 20:10:58] ✅ Successfully inserted: Salmorejo bric
[2025-05-24 20:10:59] Attempting to insert product: {'name': 'Gaspatxo estil andalús', 'price': 1.1, 'category': 'drinks', 'store_id': 'bonarea', 'quantity': '300 g'}
[2025-05-24 20:10:59] Supabase Response: data=[{'name': 'Gaspatxo estil andalús', 'price': 1.1, 'category': 'drinks', 'store_id': 'bonarea', 'quantity': '300 g', 'id': '927c1d3f-66bb-4281-9b14-60e765309b3f', 'created_at': '2025-05-24T17:10:58.082792'}] count=None
[2025-05-24 20:10:59] ✅ Successfully inserted: Gaspatxo estil andalús
[2025-05-24 20:10:59] Attempting to insert product: {'name': 'Gaspatxo de maduixa', 'price': 1.25, 'category': 'drinks', 'store_id': 'bonarea', 'quantity': '300 g'}
[2025-05-24 20:10:59] Supabase Response: data=[{'name': 'Gaspatxo de maduixa', 'price': 1.25, 'category': 'drinks', 'store_id': 'bonarea', 'quantity': '300 g', 'id': '937e75fb-00c8-40d7-9157-206640fe50fd', 'created_at': '2025-05-24T17:10:58.390455'}] count=None
[2025-05-24 20:10:59] ✅ Successfully inserted: Gaspatxo de maduixa
[2025-05-24 20:10:59] Attempting to insert product: {'name': 'Hummus', 'price': 0.94, 'category': 'drinks', 'store_id': 'bonarea', 'quantity': '200 g'}
[2025-05-24 20:10:59] Supabase Response: data=[{'name': 'Hummus', 'price': 0.94, 'category': 'drinks', 'store_id': 'bonarea', 'quantity': '200 g', 'id': 'f2381189-0564-4fe8-a975-da660cdf6d78', 'created_at': '2025-05-24T17:10:58.699607'}] count=None
[2025-05-24 20:10:59] ✅ Successfully inserted: Hummus
[2025-05-24 20:10:59] Attempting to insert product: {'name': 'Cap de llom filetejat a la planxa', 'price': 2.4, 'category': 'drinks', 'store_id': 'bonarea', 'quantity': 'aprox. 198 g'}
[2025-05-24 20:11:00] Supabase Response: data=[{'name': 'Cap de llom filetejat a la planxa', 'price': 2.4, 'category': 'drinks', 'store_id': 'bonarea', 'quantity': 'aprox. 198 g', 'id': '4e084e78-9f16-462f-a74c-2b4de9edb086', 'created_at': '2025-05-24T17:10:59.022972'}] count=None
[2025-05-24 20:11:00] ✅ Successfully inserted: Cap de llom filetejat a la planxa
[2025-05-24 20:11:00] Attempting to insert product: {'name': "Conill d'espatlla d'anoll", 'price': 16.91, 'category': 'drinks', 'store_id': 'bonarea', 'quantity': 'aprox. 1,6 kg'}
[2025-05-24 20:11:00] Supabase Response: data=[{'name': "Conill d'espatlla d'anoll", 'price': 16.91, 'category': 'drinks', 'store_id': 'bonarea', 'quantity': 'aprox. 1,6 kg', 'id': '77432f9c-78d1-4211-bf7a-45dfd8d3e340', 'created_at': '2025-05-24T17:10:59.310388'}] count=None
[2025-05-24 20:11:00] ✅ Successfully inserted: Conill d'espatlla d'anoll
[2025-05-24 20:11:00] Attempting to insert product: {'name': "Jarret d'anoll", 'price': 22.76, 'category': 'drinks', 'store_id': 'bonarea', 'quantity': 'aprox. 2,0 kg'}
[2025-05-24 20:11:00] Supabase Response: data=[{'name': "Jarret d'anoll", 'price': 22.76, 'category': 'drinks', 'store_id': 'bonarea', 'quantity': 'aprox. 2,0 kg', 'id': '161cc1bc-b050-4306-96ed-9d23681012fc', 'created_at': '2025-05-24T17:10:59.618841'}] count=None
[2025-05-24 20:11:00] ✅ Successfully inserted: Jarret d'anoll
[2025-05-24 20:11:00] Attempting to insert product: {'name': 'Mixt de bull negre i donegal', 'price': 1.1, 'category': 'drinks', 'store_id': 'bonarea', 'quantity': 'aprox. 143 g'}
[2025-05-24 20:11:01] Supabase Response: data=[{'name': 'Mixt de bull negre i donegal', 'price': 1.1, 'category': 'drinks', 'store_id': 'bonarea', 'quantity': 'aprox. 143 g', 'id': '033ea8c9-e925-4bac-b329-0f322ef7df61', 'created_at': '2025-05-24T17:10:59.926262'}] count=None
[2025-05-24 20:11:01] ✅ Successfully inserted: Mixt de bull negre i donegal
[2025-05-24 20:11:01] Attempting to insert product: {'name': 'Càpsules Nescafé Dolce Gusto espresso intens', 'price': 4.25, 'category': 'drinks', 'store_id': 'bonarea', 'quantity': '16 u.'}
[2025-05-24 20:11:01] Supabase Response: data=[{'name': 'Càpsules Nescafé Dolce Gusto espresso intens', 'price': 4.25, 'category': 'drinks', 'store_id': 'bonarea', 'quantity': '16 u.', 'id': '9c347fad-c7d6-41e5-96ce-54e76355144b', 'created_at': '2025-05-24T17:11:00.242311'}] count=None
[2025-05-24 20:11:01] ✅ Successfully inserted: Càpsules Nescafé Dolce Gusto espresso intens
[2025-05-24 20:11:01] Attempting to insert product: {'name': 'Salmó adults', 'price': 13.8, 'category': 'drinks', 'store_id': 'bonarea', 'quantity': '10 kg'}
[2025-05-24 20:11:01] Supabase Response: data=[{'name': 'Salmó adults', 'price': 13.8, 'category': 'drinks', 'store_id': 'bonarea', 'quantity': '10 kg', 'id': '70c8cb1b-3b22-4a6f-b693-9cafa55fd3c2', 'created_at': '2025-05-24T17:11:00.562211'}] count=None
[2025-05-24 20:11:01] ✅ Successfully inserted: Salmó adults
[2025-05-24 20:11:01] Attempting to insert product: {'name': 'Salmó adults', 'price': 4.44, 'category': 'drinks', 'store_id': 'bonarea', 'quantity': '3 kg'}
[2025-05-24 20:11:02] Supabase Response: data=[{'name': 'Salmó adults', 'price': 4.44, 'category': 'drinks', 'store_id': 'bonarea', 'quantity': '3 kg', 'id': '9bf136a2-2f30-4aba-8f79-a9f2d63b88f7', 'created_at': '2025-05-24T17:11:00.854485'}] count=None
[2025-05-24 20:11:02] ✅ Successfully inserted: Salmó adults
[2025-05-24 20:11:02] Attempting to insert product: {'name': 'Original adults', 'price': 13.6, 'category': 'drinks', 'store_id': 'bonarea', 'quantity': '10 kg'}
[2025-05-24 20:11:02] Supabase Response: data=[{'name': 'Original adults', 'price': 13.6, 'category': 'drinks', 'store_id': 'bonarea', 'quantity': '10 kg', 'id': 'cd738fa3-f017-4170-ae35-b90c59316bb3', 'created_at': '2025-05-24T17:11:01.154035'}] count=None
[2025-05-24 20:11:02] ✅ Successfully inserted: Original adults
[2025-05-24 20:11:02] Attempting to insert product: {'name': 'Original adults', 'price': 4.38, 'category': 'drinks', 'store_id': 'bonarea', 'quantity': '3 kg'}
[2025-05-24 20:11:02] Supabase Response: data=[{'name': 'Original adults', 'price': 4.38, 'category': 'drinks', 'store_id': 'bonarea', 'quantity': '3 kg', 'id': '0fb123d6-6f2c-438b-97c9-471faa1ebfc8', 'created_at': '2025-05-24T17:11:01.464822'}] count=None
[2025-05-24 20:11:02] ✅ Successfully inserted: Original adults
[2025-05-24 20:11:02] Attempting to insert product: {'name': 'Junior 2-12 mesos', 'price': 15.9, 'category': 'drinks', 'store_id': 'bonarea', 'quantity': '10 kg'}
[2025-05-24 20:11:02] Supabase Response: data=[{'name': 'Junior 2-12 mesos', 'price': 15.9, 'category': 'drinks', 'store_id': 'bonarea', 'quantity': '10 kg', 'id': 'a3d6b065-ac2b-4066-b80c-5e2f0712eac2', 'created_at': '2025-05-24T17:11:01.788345'}] count=None
[2025-05-24 20:11:02] ✅ Successfully inserted: Junior 2-12 mesos
[2025-05-24 20:11:02] Attempting to insert product: {'name': 'Junior 2-12 mesos', 'price': 5.07, 'category': 'drinks', 'store_id': 'bonarea', 'quantity': '3 kg'}
[2025-05-24 20:11:03] Supabase Response: data=[{'name': 'Junior 2-12 mesos', 'price': 5.07, 'category': 'drinks', 'store_id': 'bonarea', 'quantity': '3 kg', 'id': 'c50d2da2-8fd5-4ea9-a212-2bd454333814', 'created_at': '2025-05-24T17:11:02.03676'}] count=None
[2025-05-24 20:11:03] ✅ Successfully inserted: Junior 2-12 mesos
[2025-05-24 20:11:03] Attempting to insert product: {'name': 'Pit de pollastre groc sencer', 'price': 4.54, 'category': 'drinks', 'store_id': 'bonarea', 'quantity': 'aprox. 693 g'}
[2025-05-24 20:11:03] Supabase Response: data=[{'name': 'Pit de pollastre groc sencer', 'price': 4.54, 'category': 'drinks', 'store_id': 'bonarea', 'quantity': 'aprox. 693 g', 'id': '0b056f19-abcd-4fc5-af3c-55d264070392', 'created_at': '2025-05-24T17:11:02.421317'}] count=None
[2025-05-24 20:11:03] ✅ Successfully inserted: Pit de pollastre groc sencer
[2025-05-24 20:11:03] Attempting to insert product: {'name': 'Pernilets de pollastre groc', 'price': 3.64, 'category': 'drinks', 'store_id': 'bonarea', 'quantity': 'aprox. 1,0 kg'}
[2025-05-24 20:11:03] Supabase Response: data=[{'name': 'Pernilets de pollastre groc', 'price': 3.64, 'category': 'drinks', 'store_id': 'bonarea', 'quantity': 'aprox. 1,0 kg', 'id': 'd8147875-e95e-4a6d-8628-277050545b3f', 'created_at': '2025-05-24T17:11:02.697988'}] count=None
[2025-05-24 20:11:03] ✅ Successfully inserted: Pernilets de pollastre groc
[2025-05-24 20:11:03] Attempting to insert product: {'name': 'Pit de pollastre blanc sencer', 'price': 4.68, 'category': 'drinks', 'store_id': 'bonarea', 'quantity': 'aprox. 715 g'}
[2025-05-24 20:11:04] Supabase Response: data=[{'name': 'Pit de pollastre blanc sencer', 'price': 4.68, 'category': 'drinks', 'store_id': 'bonarea', 'quantity': 'aprox. 715 g', 'id': 'f031c046-5f56-4bf5-bdaf-85a122ad8f2a', 'created_at': '2025-05-24T17:11:02.969901'}] count=None
[2025-05-24 20:11:04] ✅ Successfully inserted: Pit de pollastre blanc sencer
[2025-05-24 20:11:04] Attempting to insert product: {'name': 'Pernilets de pollastre blanc', 'price': 3.8, 'category': 'drinks', 'store_id': 'bonarea', 'quantity': 'aprox. 1,1 kg'}
[2025-05-24 20:11:04] Supabase Response: data=[{'name': 'Pernilets de pollastre blanc', 'price': 3.8, 'category': 'drinks', 'store_id': 'bonarea', 'quantity': 'aprox. 1,1 kg', 'id': '8d3c58c5-f629-40b3-b350-7293792f990b', 'created_at': '2025-05-24T17:11:03.325433'}] count=None
[2025-05-24 20:11:04] ✅ Successfully inserted: Pernilets de pollastre blanc
[2025-05-24 20:11:04] Attempting to insert product: {'name': 'Pit de pollastre groc filetejat', 'price': 4.69, 'category': 'drinks', 'store_id': 'bonarea', 'quantity': 'aprox. 660 g'}
[2025-05-24 20:11:04] Supabase Response: data=[{'name': 'Pit de pollastre groc filetejat', 'price': 4.69, 'category': 'drinks', 'store_id': 'bonarea', 'quantity': 'aprox. 660 g', 'id': '6ce587de-df22-48b0-b56f-00547cf3cc34', 'created_at': '2025-05-24T17:11:03.613087'}] count=None
[2025-05-24 20:11:04] ✅ Successfully inserted: Pit de pollastre groc filetejat
[2025-05-24 20:11:04] Attempting to insert product: {'name': 'Pit de pollastre sencer 65% cereals', 'price': 4.57, 'category': 'drinks', 'store_id': 'bonarea', 'quantity': 'aprox. 605 g'}
[2025-05-24 20:11:05] Supabase Response: data=[{'name': 'Pit de pollastre sencer 65% cereals', 'price': 4.57, 'category': 'drinks', 'store_id': 'bonarea', 'quantity': 'aprox. 605 g', 'id': 'f4c7d5e0-80c9-4e37-9aaf-fa91d1f443a3', 'created_at': '2025-05-24T17:11:03.884525'}] count=None
[2025-05-24 20:11:05] ✅ Successfully inserted: Pit de pollastre sencer 65% cereals
[2025-05-24 20:11:08] Attempting to insert product: {'name': 'Gaspatxo', 'price': 2.85, 'category': 'drinks', 'store_id': 'bonarea', 'quantity': '1 l'}
[2025-05-24 20:11:09] Supabase Response: data=[{'name': 'Gaspatxo', 'price': 2.85, 'category': 'drinks', 'store_id': 'bonarea', 'quantity': '1 l', 'id': 'f6b446c4-dc8b-454d-ba19-5cf1bf4b6bf1', 'created_at': '2025-05-24T17:11:07.824248'}] count=None
[2025-05-24 20:11:09] ✅ Successfully inserted: Gaspatxo
[2025-05-24 20:11:09] Attempting to insert product: {'name': 'Salmorejo', 'price': 3.15, 'category': 'drinks', 'store_id': 'bonarea', 'quantity': '1 l'}
[2025-05-24 20:11:09] Supabase Response: data=[{'name': 'Salmorejo', 'price': 3.15, 'category': 'drinks', 'store_id': 'bonarea', 'quantity': '1 l', 'id': '132cfb6f-d67f-41d8-9a02-c1cc8781f3cf', 'created_at': '2025-05-24T17:11:08.09104'}] count=None
[2025-05-24 20:11:09] ✅ Successfully inserted: Salmorejo
[2025-05-24 20:11:09] Attempting to insert product: {'name': 'Gaspatxo bric', 'price': 1.95, 'category': 'drinks', 'store_id': 'bonarea', 'quantity': '1 l'}
[2025-05-24 20:11:09] Supabase Response: data=[{'name': 'Gaspatxo bric', 'price': 1.95, 'category': 'drinks', 'store_id': 'bonarea', 'quantity': '1 l', 'id': '0f8b649e-cc97-4586-a524-7f938155fd87', 'created_at': '2025-05-24T17:11:08.365949'}] count=None
[2025-05-24 20:11:09] ✅ Successfully inserted: Gaspatxo bric
[2025-05-24 20:11:09] Attempting to insert product: {'name': 'Salmorejo bric', 'price': 2.3, 'category': 'drinks', 'store_id': 'bonarea', 'quantity': '1 l'}
[2025-05-24 20:11:09] Supabase Response: data=[{'name': 'Salmorejo bric', 'price': 2.3, 'category': 'drinks', 'store_id': 'bonarea', 'quantity': '1 l', 'id': 'f869b34f-91b3-4b0c-96da-f5c55e96d5f6', 'created_at': '2025-05-24T17:11:08.602172'}] count=None
[2025-05-24 20:11:09] ✅ Successfully inserted: Salmorejo bric
[2025-05-24 20:11:09] Attempting to insert product: {'name': 'Gaspatxo estil andalús', 'price': 1.1, 'category': 'drinks', 'store_id': 'bonarea', 'quantity': '300 g'}
[2025-05-24 20:11:10] Supabase Response: data=[{'name': 'Gaspatxo estil andalús', 'price': 1.1, 'category': 'drinks', 'store_id': 'bonarea', 'quantity': '300 g', 'id': '24be8234-2409-4f1a-a90b-46d07a92ee97', 'created_at': '2025-05-24T17:11:08.845095'}] count=None
[2025-05-24 20:11:10] ✅ Successfully inserted: Gaspatxo estil andalús
[2025-05-24 20:11:10] Attempting to insert product: {'name': 'Gaspatxo de maduixa', 'price': 1.25, 'category': 'drinks', 'store_id': 'bonarea', 'quantity': '300 g'}
[2025-05-24 20:11:10] Supabase Response: data=[{'name': 'Gaspatxo de maduixa', 'price': 1.25, 'category': 'drinks', 'store_id': 'bonarea', 'quantity': '300 g', 'id': '7fc0418d-a35f-42f3-9508-a123bc9ffc1a', 'created_at': '2025-05-24T17:11:09.09274'}] count=None
[2025-05-24 20:11:10] ✅ Successfully inserted: Gaspatxo de maduixa
[2025-05-24 20:11:10] Attempting to insert product: {'name': 'Hummus', 'price': 0.94, 'category': 'drinks', 'store_id': 'bonarea', 'quantity': '200 g'}
[2025-05-24 20:11:10] Supabase Response: data=[{'name': 'Hummus', 'price': 0.94, 'category': 'drinks', 'store_id': 'bonarea', 'quantity': '200 g', 'id': '519bbf1a-2093-401d-80e3-90877d694361', 'created_at': '2025-05-24T17:11:09.338611'}] count=None
[2025-05-24 20:11:10] ✅ Successfully inserted: Hummus
[2025-05-24 20:11:10] Attempting to insert product: {'name': 'Cap de llom filetejat a la planxa', 'price': 2.4, 'category': 'drinks', 'store_id': 'bonarea', 'quantity': 'aprox. 198 g'}
[2025-05-24 20:11:10] Supabase Response: data=[{'name': 'Cap de llom filetejat a la planxa', 'price': 2.4, 'category': 'drinks', 'store_id': 'bonarea', 'quantity': 'aprox. 198 g', 'id': '38e845c9-a1a8-449c-afb8-6a16a8d23cbb', 'created_at': '2025-05-24T17:11:09.590417'}] count=None
[2025-05-24 20:11:10] ✅ Successfully inserted: Cap de llom filetejat a la planxa
[2025-05-24 20:11:10] Attempting to insert product: {'name': "Conill d'espatlla d'anoll", 'price': 16.91, 'category': 'drinks', 'store_id': 'bonarea', 'quantity': 'aprox. 1,6 kg'}
[2025-05-24 20:11:11] Supabase Response: data=[{'name': "Conill d'espatlla d'anoll", 'price': 16.91, 'category': 'drinks', 'store_id': 'bonarea', 'quantity': 'aprox. 1,6 kg', 'id': '234fbe92-0b62-490d-ba47-b3366edd6a61', 'created_at': '2025-05-24T17:11:09.854272'}] count=None
[2025-05-24 20:11:11] ✅ Successfully inserted: Conill d'espatlla d'anoll
[2025-05-24 20:11:11] Attempting to insert product: {'name': "Jarret d'anoll", 'price': 22.76, 'category': 'drinks', 'store_id': 'bonarea', 'quantity': 'aprox. 2,0 kg'}
[2025-05-24 20:11:11] Supabase Response: data=[{'name': "Jarret d'anoll", 'price': 22.76, 'category': 'drinks', 'store_id': 'bonarea', 'quantity': 'aprox. 2,0 kg', 'id': '22d95dc6-b9cd-422a-bfc1-d304dcaaf2d8', 'created_at': '2025-05-24T17:11:10.101478'}] count=None
[2025-05-24 20:11:11] ✅ Successfully inserted: Jarret d'anoll
[2025-05-24 20:11:11] Attempting to insert product: {'name': 'Mixt de bull negre i donegal', 'price': 1.1, 'category': 'drinks', 'store_id': 'bonarea', 'quantity': 'aprox. 143 g'}
[2025-05-24 20:11:11] Supabase Response: data=[{'name': 'Mixt de bull negre i donegal', 'price': 1.1, 'category': 'drinks', 'store_id': 'bonarea', 'quantity': 'aprox. 143 g', 'id': '2a385114-23d5-4486-96e8-dfb54f7470ff', 'created_at': '2025-05-24T17:11:10.342406'}] count=None
[2025-05-24 20:11:11] ✅ Successfully inserted: Mixt de bull negre i donegal
[2025-05-24 20:11:11] Attempting to insert product: {'name': 'Càpsules Nescafé Dolce Gusto espresso intens', 'price': 4.25, 'category': 'drinks', 'store_id': 'bonarea', 'quantity': '16 u.'}
[2025-05-24 20:11:11] Supabase Response: data=[{'name': 'Càpsules Nescafé Dolce Gusto espresso intens', 'price': 4.25, 'category': 'drinks', 'store_id': 'bonarea', 'quantity': '16 u.', 'id': '456b1229-2f74-4234-b8c3-402e364e0646', 'created_at': '2025-05-24T17:11:10.587263'}] count=None
[2025-05-24 20:11:11] ✅ Successfully inserted: Càpsules Nescafé Dolce Gusto espresso intens
[2025-05-24 20:11:11] Attempting to insert product: {'name': 'Salmó adults', 'price': 13.8, 'category': 'drinks', 'store_id': 'bonarea', 'quantity': '10 kg'}
[2025-05-24 20:11:12] Supabase Response: data=[{'name': 'Salmó adults', 'price': 13.8, 'category': 'drinks', 'store_id': 'bonarea', 'quantity': '10 kg', 'id': 'bace0712-2d82-4d8c-9c18-3e3be635c744', 'created_at': '2025-05-24T17:11:10.912354'}] count=None
[2025-05-24 20:11:12] ✅ Successfully inserted: Salmó adults
[2025-05-24 20:11:12] Attempting to insert product: {'name': 'Salmó adults', 'price': 4.44, 'category': 'drinks', 'store_id': 'bonarea', 'quantity': '3 kg'}
[2025-05-24 20:11:12] Supabase Response: data=[{'name': 'Salmó adults', 'price': 4.44, 'category': 'drinks', 'store_id': 'bonarea', 'quantity': '3 kg', 'id': '2b1b91d4-5604-4f2a-934f-e7f708461d6d', 'created_at': '2025-05-24T17:11:11.196634'}] count=None
[2025-05-24 20:11:12] ✅ Successfully inserted: Salmó adults
[2025-05-24 20:11:12] Attempting to insert product: {'name': 'Original adults', 'price': 13.6, 'category': 'drinks', 'store_id': 'bonarea', 'quantity': '10 kg'}
[2025-05-24 20:11:12] Supabase Response: data=[{'name': 'Original adults', 'price': 13.6, 'category': 'drinks', 'store_id': 'bonarea', 'quantity': '10 kg', 'id': '98e8b98f-5f40-42ef-8c0b-6278d898ed4c', 'created_at': '2025-05-24T17:11:11.505891'}] count=None
[2025-05-24 20:11:12] ✅ Successfully inserted: Original adults
[2025-05-24 20:11:12] Attempting to insert product: {'name': 'Original adults', 'price': 4.38, 'category': 'drinks', 'store_id': 'bonarea', 'quantity': '3 kg'}
[2025-05-24 20:11:13] Supabase Response: data=[{'name': 'Original adults', 'price': 4.38, 'category': 'drinks', 'store_id': 'bonarea', 'quantity': '3 kg', 'id': 'd3ace3f3-ebbc-4b55-9157-95a53a3aac6c', 'created_at': '2025-05-24T17:11:11.979152'}] count=None
[2025-05-24 20:11:13] ✅ Successfully inserted: Original adults
[2025-05-24 20:11:13] Attempting to insert product: {'name': 'Junior 2-12 mesos', 'price': 15.9, 'category': 'drinks', 'store_id': 'bonarea', 'quantity': '10 kg'}
[2025-05-24 20:11:13] Supabase Response: data=[{'name': 'Junior 2-12 mesos', 'price': 15.9, 'category': 'drinks', 'store_id': 'bonarea', 'quantity': '10 kg', 'id': 'd513ba84-0372-4693-acd4-5f8d02bcb06f', 'created_at': '2025-05-24T17:11:12.314584'}] count=None
[2025-05-24 20:11:13] ✅ Successfully inserted: Junior 2-12 mesos
[2025-05-24 20:11:13] Attempting to insert product: {'name': 'Junior 2-12 mesos', 'price': 5.07, 'category': 'drinks', 'store_id': 'bonarea', 'quantity': '3 kg'}
[2025-05-24 20:11:13] Supabase Response: data=[{'name': 'Junior 2-12 mesos', 'price': 5.07, 'category': 'drinks', 'store_id': 'bonarea', 'quantity': '3 kg', 'id': '9abaef4d-a4e4-4c08-a806-da25680068a6', 'created_at': '2025-05-24T17:11:12.631308'}] count=None
[2025-05-24 20:11:13] ✅ Successfully inserted: Junior 2-12 mesos
[2025-05-24 20:11:13] Attempting to insert product: {'name': 'Pit de pollastre groc sencer', 'price': 4.54, 'category': 'drinks', 'store_id': 'bonarea', 'quantity': 'aprox. 693 g'}
[2025-05-24 20:11:14] Supabase Response: data=[{'name': 'Pit de pollastre groc sencer', 'price': 4.54, 'category': 'drinks', 'store_id': 'bonarea', 'quantity': 'aprox. 693 g', 'id': '9f5b7891-e441-4cf2-ad41-da0ff88a7997', 'created_at': '2025-05-24T17:11:12.891256'}] count=None
[2025-05-24 20:11:14] ✅ Successfully inserted: Pit de pollastre groc sencer
[2025-05-24 20:11:14] Attempting to insert product: {'name': 'Pernilets de pollastre groc', 'price': 3.64, 'category': 'drinks', 'store_id': 'bonarea', 'quantity': 'aprox. 1,0 kg'}
[2025-05-24 20:11:14] Supabase Response: data=[{'name': 'Pernilets de pollastre groc', 'price': 3.64, 'category': 'drinks', 'store_id': 'bonarea', 'quantity': 'aprox. 1,0 kg', 'id': 'a01457a2-b8c8-4daf-af80-a8c5ef14812d', 'created_at': '2025-05-24T17:11:13.148976'}] count=None
[2025-05-24 20:11:14] ✅ Successfully inserted: Pernilets de pollastre groc
[2025-05-24 20:11:14] Attempting to insert product: {'name': 'Pit de pollastre blanc sencer', 'price': 4.68, 'category': 'drinks', 'store_id': 'bonarea', 'quantity': 'aprox. 715 g'}
[2025-05-24 20:11:14] Supabase Response: data=[{'name': 'Pit de pollastre blanc sencer', 'price': 4.68, 'category': 'drinks', 'store_id': 'bonarea', 'quantity': 'aprox. 715 g', 'id': '5382bb83-a40e-4346-84bd-abb1986c70ec', 'created_at': '2025-05-24T17:11:13.3936'}] count=None
[2025-05-24 20:11:14] ✅ Successfully inserted: Pit de pollastre blanc sencer
[2025-05-24 20:11:14] Attempting to insert product: {'name': 'Pernilets de pollastre blanc', 'price': 3.8, 'category': 'drinks', 'store_id': 'bonarea', 'quantity': 'aprox. 1,1 kg'}
[2025-05-24 20:11:14] Supabase Response: data=[{'name': 'Pernilets de pollastre blanc', 'price': 3.8, 'category': 'drinks', 'store_id': 'bonarea', 'quantity': 'aprox. 1,1 kg', 'id': 'ea4206f5-9f1f-47a6-8fef-1073484b1487', 'created_at': '2025-05-24T17:11:13.651474'}] count=None
[2025-05-24 20:11:14] ✅ Successfully inserted: Pernilets de pollastre blanc
[2025-05-24 20:11:14] Attempting to insert product: {'name': 'Pit de pollastre groc filetejat', 'price': 4.69, 'category': 'drinks', 'store_id': 'bonarea', 'quantity': 'aprox. 660 g'}
[2025-05-24 20:11:15] Supabase Response: data=[{'name': 'Pit de pollastre groc filetejat', 'price': 4.69, 'category': 'drinks', 'store_id': 'bonarea', 'quantity': 'aprox. 660 g', 'id': '03ef1aca-08ac-4cb2-a6ae-a2ec260d5ba3', 'created_at': '2025-05-24T17:11:13.912746'}] count=None
[2025-05-24 20:11:15] ✅ Successfully inserted: Pit de pollastre groc filetejat
[2025-05-24 20:11:15] Attempting to insert product: {'name': 'Pit de pollastre sencer 65% cereals', 'price': 4.57, 'category': 'drinks', 'store_id': 'bonarea', 'quantity': 'aprox. 605 g'}
[2025-05-24 20:11:15] Supabase Response: data=[{'name': 'Pit de pollastre sencer 65% cereals', 'price': 4.57, 'category': 'drinks', 'store_id': 'bonarea', 'quantity': 'aprox. 605 g', 'id': '82f89b2e-0a03-4baa-b0c3-3f7258c0bf7d', 'created_at': '2025-05-24T17:11:14.174187'}] count=None
[2025-05-24 20:11:15] ✅ Successfully inserted: Pit de pollastre sencer 65% cereals
[2025-05-24 20:11:19] Attempting to insert product: {'name': 'Gaspatxo', 'price': 2.85, 'category': 'drinks', 'store_id': 'bonarea', 'quantity': '1 l'}
[2025-05-24 20:11:19] Supabase Response: data=[{'name': 'Gaspatxo', 'price': 2.85, 'category': 'drinks', 'store_id': 'bonarea', 'quantity': '1 l', 'id': '0982aa99-2d5a-446c-845a-81d4c8d8492d', 'created_at': '2025-05-24T17:11:18.242876'}] count=None
[2025-05-24 20:11:19] ✅ Successfully inserted: Gaspatxo
[2025-05-24 20:11:19] Attempting to insert product: {'name': 'Salmorejo', 'price': 3.15, 'category': 'drinks', 'store_id': 'bonarea', 'quantity': '1 l'}
[2025-05-24 20:11:19] Supabase Response: data=[{'name': 'Salmorejo', 'price': 3.15, 'category': 'drinks', 'store_id': 'bonarea', 'quantity': '1 l', 'id': '5ad6543f-81cb-4779-8d6c-b971f2621743', 'created_at': '2025-05-24T17:11:18.497924'}] count=None
[2025-05-24 20:11:19] ✅ Successfully inserted: Salmorejo
[2025-05-24 20:11:19] Attempting to insert product: {'name': 'Gaspatxo bric', 'price': 1.95, 'category': 'drinks', 'store_id': 'bonarea', 'quantity': '1 l'}
[2025-05-24 20:11:20] Supabase Response: data=[{'name': 'Gaspatxo bric', 'price': 1.95, 'category': 'drinks', 'store_id': 'bonarea', 'quantity': '1 l', 'id': '48e230a7-f49d-44e8-85d2-0f37c0e8755f', 'created_at': '2025-05-24T17:11:18.867564'}] count=None
[2025-05-24 20:11:20] ✅ Successfully inserted: Gaspatxo bric
[2025-05-24 20:11:20] Attempting to insert product: {'name': 'Salmorejo bric', 'price': 2.3, 'category': 'drinks', 'store_id': 'bonarea', 'quantity': '1 l'}
[2025-05-24 20:11:20] Supabase Response: data=[{'name': 'Salmorejo bric', 'price': 2.3, 'category': 'drinks', 'store_id': 'bonarea', 'quantity': '1 l', 'id': '12bb7324-dbc6-4f39-86ec-cf33ecb4b978', 'created_at': '2025-05-24T17:11:19.118849'}] count=None
[2025-05-24 20:11:20] ✅ Successfully inserted: Salmorejo bric
[2025-05-24 20:11:20] Attempting to insert product: {'name': 'Gaspatxo estil andalús', 'price': 1.1, 'category': 'drinks', 'store_id': 'bonarea', 'quantity': '300 g'}
[2025-05-24 20:11:20] Supabase Response: data=[{'name': 'Gaspatxo estil andalús', 'price': 1.1, 'category': 'drinks', 'store_id': 'bonarea', 'quantity': '300 g', 'id': 'cca26c39-ba1a-44ab-ace7-c60e01cc56ae', 'created_at': '2025-05-24T17:11:19.367648'}] count=None
[2025-05-24 20:11:20] ✅ Successfully inserted: Gaspatxo estil andalús
[2025-05-24 20:11:20] Attempting to insert product: {'name': 'Gaspatxo de maduixa', 'price': 1.25, 'category': 'drinks', 'store_id': 'bonarea', 'quantity': '300 g'}
[2025-05-24 20:11:20] Supabase Response: data=[{'name': 'Gaspatxo de maduixa', 'price': 1.25, 'category': 'drinks', 'store_id': 'bonarea', 'quantity': '300 g', 'id': '2e4413cd-0358-4ac5-a709-4a1e77a719cf', 'created_at': '2025-05-24T17:11:19.613739'}] count=None
[2025-05-24 20:11:20] ✅ Successfully inserted: Gaspatxo de maduixa
[2025-05-24 20:11:20] Attempting to insert product: {'name': 'Hummus', 'price': 0.94, 'category': 'drinks', 'store_id': 'bonarea', 'quantity': '200 g'}
[2025-05-24 20:11:21] Supabase Response: data=[{'name': 'Hummus', 'price': 0.94, 'category': 'drinks', 'store_id': 'bonarea', 'quantity': '200 g', 'id': '19d49005-aae7-4947-9ac3-ae64d505aaa9', 'created_at': '2025-05-24T17:11:19.85097'}] count=None
[2025-05-24 20:11:21] ✅ Successfully inserted: Hummus
[2025-05-24 20:11:21] Attempting to insert product: {'name': 'Cap de llom filetejat a la planxa', 'price': 2.4, 'category': 'drinks', 'store_id': 'bonarea', 'quantity': 'aprox. 198 g'}
[2025-05-24 20:11:21] Supabase Response: data=[{'name': 'Cap de llom filetejat a la planxa', 'price': 2.4, 'category': 'drinks', 'store_id': 'bonarea', 'quantity': 'aprox. 198 g', 'id': 'afd28d0e-308c-4d0a-bcd4-7e8993b6ca43', 'created_at': '2025-05-24T17:11:20.094803'}] count=None
[2025-05-24 20:11:21] ✅ Successfully inserted: Cap de llom filetejat a la planxa
[2025-05-24 20:11:21] Attempting to insert product: {'name': "Conill d'espatlla d'anoll", 'price': 16.91, 'category': 'drinks', 'store_id': 'bonarea', 'quantity': 'aprox. 1,6 kg'}
[2025-05-24 20:11:21] Supabase Response: data=[{'name': "Conill d'espatlla d'anoll", 'price': 16.91, 'category': 'drinks', 'store_id': 'bonarea', 'quantity': 'aprox. 1,6 kg', 'id': '58803f8c-37d6-4c78-b37f-36fe5ff4145e', 'created_at': '2025-05-24T17:11:20.344476'}] count=None
[2025-05-24 20:11:21] ✅ Successfully inserted: Conill d'espatlla d'anoll
[2025-05-24 20:11:21] Attempting to insert product: {'name': "Jarret d'anoll", 'price': 22.76, 'category': 'drinks', 'store_id': 'bonarea', 'quantity': 'aprox. 2,0 kg'}
[2025-05-24 20:11:21] Supabase Response: data=[{'name': "Jarret d'anoll", 'price': 22.76, 'category': 'drinks', 'store_id': 'bonarea', 'quantity': 'aprox. 2,0 kg', 'id': '876c984b-1325-43ac-bccd-75aaf6514f7d', 'created_at': '2025-05-24T17:11:20.587651'}] count=None
[2025-05-24 20:11:21] ✅ Successfully inserted: Jarret d'anoll
[2025-05-24 20:11:21] Attempting to insert product: {'name': 'Mixt de bull negre i donegal', 'price': 1.1, 'category': 'drinks', 'store_id': 'bonarea', 'quantity': 'aprox. 143 g'}
[2025-05-24 20:11:21] Supabase Response: data=[{'name': 'Mixt de bull negre i donegal', 'price': 1.1, 'category': 'drinks', 'store_id': 'bonarea', 'quantity': 'aprox. 143 g', 'id': '891f62f1-ec9a-4ab2-baf7-eced8a5311a1', 'created_at': '2025-05-24T17:11:20.827389'}] count=None
[2025-05-24 20:11:21] ✅ Successfully inserted: Mixt de bull negre i donegal
[2025-05-24 20:11:22] Attempting to insert product: {'name': 'Càpsules Nescafé Dolce Gusto espresso intens', 'price': 4.25, 'category': 'drinks', 'store_id': 'bonarea', 'quantity': '16 u.'}
[2025-05-24 20:11:22] Supabase Response: data=[{'name': 'Càpsules Nescafé Dolce Gusto espresso intens', 'price': 4.25, 'category': 'drinks', 'store_id': 'bonarea', 'quantity': '16 u.', 'id': '89fb9d55-09ae-42e1-a7df-8c40e1a00d13', 'created_at': '2025-05-24T17:11:21.080758'}] count=None
[2025-05-24 20:11:22] ✅ Successfully inserted: Càpsules Nescafé Dolce Gusto espresso intens
[2025-05-24 20:11:22] Attempting to insert product: {'name': 'Salmó adults', 'price': 13.8, 'category': 'drinks', 'store_id': 'bonarea', 'quantity': '10 kg'}
[2025-05-24 20:11:22] Supabase Response: data=[{'name': 'Salmó adults', 'price': 13.8, 'category': 'drinks', 'store_id': 'bonarea', 'quantity': '10 kg', 'id': '513bc40c-a167-4e98-8bc1-c4709d9ba7ce', 'created_at': '2025-05-24T17:11:21.442032'}] count=None
[2025-05-24 20:11:22] ✅ Successfully inserted: Salmó adults
[2025-05-24 20:11:22] Attempting to insert product: {'name': 'Salmó adults', 'price': 4.44, 'category': 'drinks', 'store_id': 'bonarea', 'quantity': '3 kg'}
[2025-05-24 20:11:22] Supabase Response: data=[{'name': 'Salmó adults', 'price': 4.44, 'category': 'drinks', 'store_id': 'bonarea', 'quantity': '3 kg', 'id': '31fd1700-5e09-42f9-a948-39098c0c11d3', 'created_at': '2025-05-24T17:11:21.743432'}] count=None
[2025-05-24 20:11:22] ✅ Successfully inserted: Salmó adults
[2025-05-24 20:11:22] Attempting to insert product: {'name': 'Original adults', 'price': 13.6, 'category': 'drinks', 'store_id': 'bonarea', 'quantity': '10 kg'}
[2025-05-24 20:11:23] Supabase Response: data=[{'name': 'Original adults', 'price': 13.6, 'category': 'drinks', 'store_id': 'bonarea', 'quantity': '10 kg', 'id': 'a4e23c9a-4e6a-4552-afca-6de9140fef9d', 'created_at': '2025-05-24T17:11:22.054425'}] count=None
[2025-05-24 20:11:23] ✅ Successfully inserted: Original adults
[2025-05-24 20:11:23] Attempting to insert product: {'name': 'Original adults', 'price': 4.38, 'category': 'drinks', 'store_id': 'bonarea', 'quantity': '3 kg'}
[2025-05-24 20:11:23] Supabase Response: data=[{'name': 'Original adults', 'price': 4.38, 'category': 'drinks', 'store_id': 'bonarea', 'quantity': '3 kg', 'id': 'ce191e2c-5637-497b-820f-adbb309a5eda', 'created_at': '2025-05-24T17:11:22.356519'}] count=None
[2025-05-24 20:11:23] ✅ Successfully inserted: Original adults
[2025-05-24 20:11:23] Attempting to insert product: {'name': 'Junior 2-12 mesos', 'price': 15.9, 'category': 'drinks', 'store_id': 'bonarea', 'quantity': '10 kg'}
[2025-05-24 20:11:23] Supabase Response: data=[{'name': 'Junior 2-12 mesos', 'price': 15.9, 'category': 'drinks', 'store_id': 'bonarea', 'quantity': '10 kg', 'id': 'dd5aeadd-bfc6-4d66-9346-2b91bb49dad1', 'created_at': '2025-05-24T17:11:22.624745'}] count=None
[2025-05-24 20:11:23] ✅ Successfully inserted: Junior 2-12 mesos
[2025-05-24 20:11:23] Attempting to insert product: {'name': 'Junior 2-12 mesos', 'price': 5.07, 'category': 'drinks', 'store_id': 'bonarea', 'quantity': '3 kg'}
[2025-05-24 20:11:24] Supabase Response: data=[{'name': 'Junior 2-12 mesos', 'price': 5.07, 'category': 'drinks', 'store_id': 'bonarea', 'quantity': '3 kg', 'id': 'd24af0a9-84e6-42d3-a512-ca1456c90005', 'created_at': '2025-05-24T17:11:22.889108'}] count=None
[2025-05-24 20:11:24] ✅ Successfully inserted: Junior 2-12 mesos
[2025-05-24 20:11:24] Attempting to insert product: {'name': 'Pit de pollastre groc sencer', 'price': 4.54, 'category': 'drinks', 'store_id': 'bonarea', 'quantity': 'aprox. 693 g'}
[2025-05-24 20:11:24] Supabase Response: data=[{'name': 'Pit de pollastre groc sencer', 'price': 4.54, 'category': 'drinks', 'store_id': 'bonarea', 'quantity': 'aprox. 693 g', 'id': '51d81d30-7821-43c3-8a48-545d92ac3959', 'created_at': '2025-05-24T17:11:23.162339'}] count=None
[2025-05-24 20:11:24] ✅ Successfully inserted: Pit de pollastre groc sencer
[2025-05-24 20:11:24] Attempting to insert product: {'name': 'Pernilets de pollastre groc', 'price': 3.64, 'category': 'drinks', 'store_id': 'bonarea', 'quantity': 'aprox. 1,0 kg'}
[2025-05-24 20:11:24] Supabase Response: data=[{'name': 'Pernilets de pollastre groc', 'price': 3.64, 'category': 'drinks', 'store_id': 'bonarea', 'quantity': 'aprox. 1,0 kg', 'id': '7e6a905b-cb50-48bc-8392-79f53f1a44bb', 'created_at': '2025-05-24T17:11:23.404676'}] count=None
[2025-05-24 20:11:24] ✅ Successfully inserted: Pernilets de pollastre groc
[2025-05-24 20:11:24] Attempting to insert product: {'name': 'Pit de pollastre blanc sencer', 'price': 4.68, 'category': 'drinks', 'store_id': 'bonarea', 'quantity': 'aprox. 715 g'}
[2025-05-24 20:11:24] Supabase Response: data=[{'name': 'Pit de pollastre blanc sencer', 'price': 4.68, 'category': 'drinks', 'store_id': 'bonarea', 'quantity': 'aprox. 715 g', 'id': 'e74ed7db-edd0-4512-b499-1f1e3396cfe5', 'created_at': '2025-05-24T17:11:23.665678'}] count=None
[2025-05-24 20:11:24] ✅ Successfully inserted: Pit de pollastre blanc sencer
[2025-05-24 20:11:24] Attempting to insert product: {'name': 'Pernilets de pollastre blanc', 'price': 3.8, 'category': 'drinks', 'store_id': 'bonarea', 'quantity': 'aprox. 1,1 kg'}
[2025-05-24 20:11:25] Supabase Response: data=[{'name': 'Pernilets de pollastre blanc', 'price': 3.8, 'category': 'drinks', 'store_id': 'bonarea', 'quantity': 'aprox. 1,1 kg', 'id': '57016f11-5486-4bf4-b1b8-ae47d134b0ae', 'created_at': '2025-05-24T17:11:23.930265'}] count=None
[2025-05-24 20:11:25] ✅ Successfully inserted: Pernilets de pollastre blanc
[2025-05-24 20:11:25] Attempting to insert product: {'name': 'Pit de pollastre groc filetejat', 'price': 4.69, 'category': 'drinks', 'store_id': 'bonarea', 'quantity': 'aprox. 660 g'}
[2025-05-24 20:11:25] Supabase Response: data=[{'name': 'Pit de pollastre groc filetejat', 'price': 4.69, 'category': 'drinks', 'store_id': 'bonarea', 'quantity': 'aprox. 660 g', 'id': 'bf4cb979-81ba-4941-a709-cd07286ec3e9', 'created_at': '2025-05-24T17:11:24.188792'}] count=None
[2025-05-24 20:11:25] ✅ Successfully inserted: Pit de pollastre groc filetejat
[2025-05-24 20:11:25] Attempting to insert product: {'name': 'Pit de pollastre sencer 65% cereals', 'price': 4.57, 'category': 'drinks', 'store_id': 'bonarea', 'quantity': 'aprox. 605 g'}
[2025-05-24 20:11:25] Supabase Response: data=[{'name': 'Pit de pollastre sencer 65% cereals', 'price': 4.57, 'category': 'drinks', 'store_id': 'bonarea', 'quantity': 'aprox. 605 g', 'id': '156af0a9-7adc-4b37-8bea-0da46a42a109', 'created_at': '2025-05-24T17:11:24.45472'}] count=None
[2025-05-24 20:11:25] ✅ Successfully inserted: Pit de pollastre sencer 65% cereals
[2025-05-24 20:11:29] Attempting to insert product: {'name': 'Gaspatxo', 'price': 2.85, 'category': 'drinks', 'store_id': 'bonarea', 'quantity': '1 l'}
[2025-05-24 20:11:29] Supabase Response: data=[{'name': 'Gaspatxo', 'price': 2.85, 'category': 'drinks', 'store_id': 'bonarea', 'quantity': '1 l', 'id': '8349f32b-59f8-47a3-9982-2ce418d134e1', 'created_at': '2025-05-24T17:11:28.427917'}] count=None
[2025-05-24 20:11:29] ✅ Successfully inserted: Gaspatxo
[2025-05-24 20:11:29] Attempting to insert product: {'name': 'Salmorejo', 'price': 3.15, 'category': 'drinks', 'store_id': 'bonarea', 'quantity': '1 l'}
[2025-05-24 20:11:29] Supabase Response: data=[{'name': 'Salmorejo', 'price': 3.15, 'category': 'drinks', 'store_id': 'bonarea', 'quantity': '1 l', 'id': '398d081f-d13a-448e-a140-8f97c9c8ff46', 'created_at': '2025-05-24T17:11:28.679884'}] count=None
[2025-05-24 20:11:29] ✅ Successfully inserted: Salmorejo
[2025-05-24 20:11:29] Attempting to insert product: {'name': 'Gaspatxo bric', 'price': 1.95, 'category': 'drinks', 'store_id': 'bonarea', 'quantity': '1 l'}
[2025-05-24 20:11:30] Supabase Response: data=[{'name': 'Gaspatxo bric', 'price': 1.95, 'category': 'drinks', 'store_id': 'bonarea', 'quantity': '1 l', 'id': '392d4707-870f-4093-81d8-a3770653208b', 'created_at': '2025-05-24T17:11:28.922186'}] count=None
[2025-05-24 20:11:30] ✅ Successfully inserted: Gaspatxo bric
[2025-05-24 20:11:30] Attempting to insert product: {'name': 'Salmorejo bric', 'price': 2.3, 'category': 'drinks', 'store_id': 'bonarea', 'quantity': '1 l'}
[2025-05-24 20:11:30] Supabase Response: data=[{'name': 'Salmorejo bric', 'price': 2.3, 'category': 'drinks', 'store_id': 'bonarea', 'quantity': '1 l', 'id': 'f5982b60-1a90-43d2-8e9c-bb8c75cf5db1', 'created_at': '2025-05-24T17:11:29.168237'}] count=None
[2025-05-24 20:11:30] ✅ Successfully inserted: Salmorejo bric
[2025-05-24 20:11:30] Attempting to insert product: {'name': 'Gaspatxo estil andalús', 'price': 1.1, 'category': 'drinks', 'store_id': 'bonarea', 'quantity': '300 g'}
[2025-05-24 20:11:30] Supabase Response: data=[{'name': 'Gaspatxo estil andalús', 'price': 1.1, 'category': 'drinks', 'store_id': 'bonarea', 'quantity': '300 g', 'id': '54806cfb-10d7-4ace-a946-d6f3c83307de', 'created_at': '2025-05-24T17:11:29.417384'}] count=None
[2025-05-24 20:11:30] ✅ Successfully inserted: Gaspatxo estil andalús
[2025-05-24 20:11:30] Attempting to insert product: {'name': 'Gaspatxo de maduixa', 'price': 1.25, 'category': 'drinks', 'store_id': 'bonarea', 'quantity': '300 g'}
[2025-05-24 20:11:30] Supabase Response: data=[{'name': 'Gaspatxo de maduixa', 'price': 1.25, 'category': 'drinks', 'store_id': 'bonarea', 'quantity': '300 g', 'id': 'd3417bc4-5b4a-487d-82a1-9dc64362a1a4', 'created_at': '2025-05-24T17:11:29.694475'}] count=None
[2025-05-24 20:11:30] ✅ Successfully inserted: Gaspatxo de maduixa
[2025-05-24 20:11:30] Attempting to insert product: {'name': 'Hummus', 'price': 0.94, 'category': 'drinks', 'store_id': 'bonarea', 'quantity': '200 g'}
[2025-05-24 20:11:31] Supabase Response: data=[{'name': 'Hummus', 'price': 0.94, 'category': 'drinks', 'store_id': 'bonarea', 'quantity': '200 g', 'id': '034bde2e-fe0a-4b79-bfd0-6b51fc00c8d6', 'created_at': '2025-05-24T17:11:29.994326'}] count=None
[2025-05-24 20:11:31] ✅ Successfully inserted: Hummus
[2025-05-24 20:11:31] Attempting to insert product: {'name': 'Cap de llom filetejat a la planxa', 'price': 2.4, 'category': 'drinks', 'store_id': 'bonarea', 'quantity': 'aprox. 198 g'}
[2025-05-24 20:11:31] Supabase Response: data=[{'name': 'Cap de llom filetejat a la planxa', 'price': 2.4, 'category': 'drinks', 'store_id': 'bonarea', 'quantity': 'aprox. 198 g', 'id': 'd3f8c945-a8f1-4da2-9e18-db9489918f0a', 'created_at': '2025-05-24T17:11:30.272862'}] count=None
[2025-05-24 20:11:31] ✅ Successfully inserted: Cap de llom filetejat a la planxa
[2025-05-24 20:11:31] Attempting to insert product: {'name': "Conill d'espatlla d'anoll", 'price': 16.91, 'category': 'drinks', 'store_id': 'bonarea', 'quantity': 'aprox. 1,6 kg'}
[2025-05-24 20:11:31] Supabase Response: data=[{'name': "Conill d'espatlla d'anoll", 'price': 16.91, 'category': 'drinks', 'store_id': 'bonarea', 'quantity': 'aprox. 1,6 kg', 'id': '0b3db681-c9ca-4676-8d13-48adcaff55fb', 'created_at': '2025-05-24T17:11:30.55973'}] count=None
[2025-05-24 20:11:31] ✅ Successfully inserted: Conill d'espatlla d'anoll
[2025-05-24 20:11:31] Attempting to insert product: {'name': "Jarret d'anoll", 'price': 22.76, 'category': 'drinks', 'store_id': 'bonarea', 'quantity': 'aprox. 2,0 kg'}
[2025-05-24 20:11:31] Supabase Response: data=[{'name': "Jarret d'anoll", 'price': 22.76, 'category': 'drinks', 'store_id': 'bonarea', 'quantity': 'aprox. 2,0 kg', 'id': '1dea2582-ae86-4190-be05-b9d6593b7741', 'created_at': '2025-05-24T17:11:30.816602'}] count=None
[2025-05-24 20:11:31] ✅ Successfully inserted: Jarret d'anoll
[2025-05-24 20:11:32] Attempting to insert product: {'name': 'Mixt de bull negre i donegal', 'price': 1.1, 'category': 'drinks', 'store_id': 'bonarea', 'quantity': 'aprox. 143 g'}
[2025-05-24 20:11:32] Supabase Response: data=[{'name': 'Mixt de bull negre i donegal', 'price': 1.1, 'category': 'drinks', 'store_id': 'bonarea', 'quantity': 'aprox. 143 g', 'id': '97ca042e-85ac-470d-b8d2-899bd290e1e1', 'created_at': '2025-05-24T17:11:31.072212'}] count=None
[2025-05-24 20:11:32] ✅ Successfully inserted: Mixt de bull negre i donegal
[2025-05-24 20:11:32] Attempting to insert product: {'name': 'Càpsules Nescafé Dolce Gusto espresso intens', 'price': 4.25, 'category': 'drinks', 'store_id': 'bonarea', 'quantity': '16 u.'}
[2025-05-24 20:32:26] ❌ Exception during Supabase insert: [WinError 10054] Varolan bir bağlantı uzaktaki bir ana bilgisayar tarafından zorla kapatıldı
[2025-05-24 20:32:30] Attempting to insert product: {'name': 'Salmó adults', 'price': 13.8, 'category': 'drinks', 'store_id': 'bonarea', 'quantity': '10 kg'}
[2025-05-24 20:32:30] ❌ Exception during Supabase insert: [Errno 11001] getaddrinfo failed
[2025-05-24 20:32:30] Attempting to insert product: {'name': 'Salmó adults', 'price': 4.44, 'category': 'drinks', 'store_id': 'bonarea', 'quantity': '3 kg'}
[2025-05-24 20:32:30] ❌ Exception during Supabase insert: [Errno 11001] getaddrinfo failed
[2025-05-24 20:32:30] Attempting to insert product: {'name': 'Original adults', 'price': 13.6, 'category': 'drinks', 'store_id': 'bonarea', 'quantity': '10 kg'}
[2025-05-24 20:32:30] ❌ Exception during Supabase insert: [Errno 11001] getaddrinfo failed
[2025-05-24 20:32:31] Attempting to insert product: {'name': 'Original adults', 'price': 4.38, 'category': 'drinks', 'store_id': 'bonarea', 'quantity': '3 kg'}
[2025-05-24 20:32:31] ❌ Exception during Supabase insert: [Errno 11001] getaddrinfo failed
[2025-05-24 20:32:31] Attempting to insert product: {'name': 'Junior 2-12 mesos', 'price': 15.9, 'category': 'drinks', 'store_id': 'bonarea', 'quantity': '10 kg'}
[2025-05-24 20:32:31] ❌ Exception during Supabase insert: [Errno 11001] getaddrinfo failed
[2025-05-24 20:32:31] Attempting to insert product: {'name': 'Junior 2-12 mesos', 'price': 5.07, 'category': 'drinks', 'store_id': 'bonarea', 'quantity': '3 kg'}
[2025-05-24 20:32:31] ❌ Exception during Supabase insert: [Errno 11001] getaddrinfo failed
[2025-05-24 20:32:31] Attempting to insert product: {'name': 'Pit de pollastre groc sencer', 'price': 4.54, 'category': 'drinks', 'store_id': 'bonarea', 'quantity': 'aprox. 693 g'}
[2025-05-24 20:32:31] ❌ Exception during Supabase insert: [Errno 11001] getaddrinfo failed
[2025-05-24 20:32:31] Attempting to insert product: {'name': 'Pernilets de pollastre groc', 'price': 3.64, 'category': 'drinks', 'store_id': 'bonarea', 'quantity': 'aprox. 1,0 kg'}
[2025-05-24 20:32:31] ❌ Exception during Supabase insert: [Errno 11001] getaddrinfo failed
[2025-05-24 20:32:31] Attempting to insert product: {'name': 'Pit de pollastre blanc sencer', 'price': 4.68, 'category': 'drinks', 'store_id': 'bonarea', 'quantity': 'aprox. 715 g'}
[2025-05-24 20:32:31] ❌ Exception during Supabase insert: [Errno 11001] getaddrinfo failed
[2025-05-24 20:32:31] Attempting to insert product: {'name': 'Pernilets de pollastre blanc', 'price': 3.8, 'category': 'drinks', 'store_id': 'bonarea', 'quantity': 'aprox. 1,1 kg'}
[2025-05-24 20:32:31] ❌ Exception during Supabase insert: [Errno 11001] getaddrinfo failed
[2025-05-24 20:32:31] Attempting to insert product: {'name': 'Pit de pollastre groc filetejat', 'price': 4.69, 'category': 'drinks', 'store_id': 'bonarea', 'quantity': 'aprox. 660 g'}
[2025-05-24 20:32:31] ❌ Exception during Supabase insert: [Errno 11001] getaddrinfo failed
[2025-05-24 20:32:31] Attempting to insert product: {'name': 'Pit de pollastre sencer 65% cereals', 'price': 4.57, 'category': 'drinks', 'store_id': 'bonarea', 'quantity': 'aprox. 605 g'}
[2025-05-24 20:32:31] ❌ Exception during Supabase insert: [Errno 11001] getaddrinfo failed
[2025-05-25 12:12:29] Script starting...
[2025-05-25 12:12:29] Checking database connection...
[2025-05-25 12:12:29] Playwright is installed
[2025-05-25 12:12:29] Starting scraping process. Total categories: 6
[2025-05-25 12:12:29] Processing category 1/6: arroz-legumbres-y-pasta
[2025-05-25 12:12:29] Starting category: arroz-legumbres-y-pasta
[2025-05-25 12:12:30] Processing page 1: https://www.elcorteingles.es/supermercado/despensa/arroz-legumbres-y-pasta/?page=1
[2025-05-25 12:12:33] Error on page 1: Page.goto: net::ERR_HTTP2_PROTOCOL_ERROR at https://www.elcorteingles.es/supermercado/despensa/arroz-legumbres-y-pasta/?page=1
Call log:
  - navigating to "https://www.elcorteingles.es/supermercado/despensa/arroz-legumbres-y-pasta/?page=1", waiting until "networkidle"

[2025-05-25 12:12:33] Critical error in category arroz-legumbres-y-pasta: Page.content: Unable to retrieve content because the page is navigating and changing the content.
[2025-05-25 12:12:35] Processing category 2/6: conservas
[2025-05-25 12:12:35] Starting category: conservas
[2025-05-25 12:12:36] Processing page 1: https://www.elcorteingles.es/supermercado/despensa/conservas/?page=1
[2025-05-25 12:12:36] Error on page 1: Page.goto: net::ERR_HTTP2_PROTOCOL_ERROR at https://www.elcorteingles.es/supermercado/despensa/conservas/?page=1
Call log:
  - navigating to "https://www.elcorteingles.es/supermercado/despensa/conservas/?page=1", waiting until "networkidle"

[2025-05-25 12:12:36] Critical error in category conservas: Page.content: Unable to retrieve content because the page is navigating and changing the content.
[2025-05-25 12:12:38] Processing category 3/6: pan-y-reposteria
[2025-05-25 12:12:38] Starting category: pan-y-reposteria
[2025-05-25 12:12:39] Processing page 1: https://www.elcorteingles.es/supermercado/despensa/pan-y-reposteria/?page=1
[2025-05-25 12:12:39] Error on page 1: Page.goto: net::ERR_HTTP2_PROTOCOL_ERROR at https://www.elcorteingles.es/supermercado/despensa/pan-y-reposteria/?page=1
Call log:
  - navigating to "https://www.elcorteingles.es/supermercado/despensa/pan-y-reposteria/?page=1", waiting until "networkidle"

[2025-05-25 12:12:39] Critical error in category pan-y-reposteria: Page.content: Unable to retrieve content because the page is navigating and changing the content.
[2025-05-25 12:12:42] Processing category 4/6: aceites-y-vinagres
[2025-05-25 12:12:42] Starting category: aceites-y-vinagres
[2025-05-25 12:12:42] Processing page 1: https://www.elcorteingles.es/supermercado/despensa/aceites-y-vinagres/?page=1
[2025-05-25 12:12:43] Error on page 1: Page.goto: net::ERR_HTTP2_PROTOCOL_ERROR at https://www.elcorteingles.es/supermercado/despensa/aceites-y-vinagres/?page=1
Call log:
  - navigating to "https://www.elcorteingles.es/supermercado/despensa/aceites-y-vinagres/?page=1", waiting until "networkidle"

[2025-05-25 12:12:43] Critical error in category aceites-y-vinagres: Page.content: Unable to retrieve content because the page is navigating and changing the content.
[2025-05-25 12:12:45] Processing category 5/6: azucar-cacao-y-edulcorantes
[2025-05-25 12:12:45] Starting category: azucar-cacao-y-edulcorantes
[2025-05-25 12:12:45] Processing page 1: https://www.elcorteingles.es/supermercado/despensa/azucar-cacao-y-edulcorantes/?page=1
[2025-05-25 12:12:46] Error on page 1: Page.goto: net::ERR_HTTP2_PROTOCOL_ERROR at https://www.elcorteingles.es/supermercado/despensa/azucar-cacao-y-edulcorantes/?page=1
Call log:
  - navigating to "https://www.elcorteingles.es/supermercado/despensa/azucar-cacao-y-edulcorantes/?page=1", waiting until "networkidle"

[2025-05-25 12:12:46] Critical error in category azucar-cacao-y-edulcorantes: Page.content: Unable to retrieve content because the page is navigating and changing the content.
[2025-05-25 12:12:48] Processing category 6/6: salsas-condimentos-y-especias
[2025-05-25 12:12:48] Starting category: salsas-condimentos-y-especias
[2025-05-25 12:12:48] Processing page 1: https://www.elcorteingles.es/supermercado/despensa/salsas-condimentos-y-especias/?page=1
[2025-05-25 12:12:49] Error on page 1: Page.goto: net::ERR_HTTP2_PROTOCOL_ERROR at https://www.elcorteingles.es/supermercado/despensa/salsas-condimentos-y-especias/?page=1
Call log:
  - navigating to "https://www.elcorteingles.es/supermercado/despensa/salsas-condimentos-y-especias/?page=1", waiting until "networkidle"

[2025-05-25 12:12:49] Critical error in category salsas-condimentos-y-especias: Page.content: Unable to retrieve content because the page is navigating and changing the content.
[2025-05-25 12:12:51] Scraping completed! Total time: 22.10 seconds
[2025-05-30 12:10:36] ✅ Aldi homepage loaded.
[2025-05-30 12:10:37] 🍪 Cookie popup accepted.
[2025-05-30 12:10:39] 🔄 Scroll 1/15 complete
[2025-05-30 12:10:41] 🔍 Found 8 products on page.
[2025-05-30 12:10:41] Attempting to insert product: {'name': 'Melón Piel de sapo', 'price': 1.69, 'category': 'general', 'store_id': 'aldi', 'quantity': '1 unit'}
[2025-05-30 12:10:43] Supabase Response: data=[{'name': 'Melón Piel de sapo', 'price': 1.69, 'category': 'general', 'store_id': 'aldi', 'quantity': '1 unit', 'id': 'b6adf66d-f3a8-4021-937e-9c1e6ce7ca5f', 'created_at': '2025-05-30T09:10:42.538281', 'image_url': None}] count=None
[2025-05-30 12:10:43] ✅ Successfully inserted: Melón Piel de sapo
[2025-05-30 12:10:43] ✅ Inserted: Melón Piel de sapo — 1.69€
[2025-05-30 12:10:43] Attempting to insert product: {'name': 'Pepino', 'price': 1.35, 'category': 'general', 'store_id': 'aldi', 'quantity': '1 unit'}
[2025-05-30 12:10:43] Supabase Response: data=[{'name': 'Pepino', 'price': 1.35, 'category': 'general', 'store_id': 'aldi', 'quantity': '1 unit', 'id': '861babe6-51e9-4891-a499-48a16052afe3', 'created_at': '2025-05-30T09:10:43.015209', 'image_url': None}] count=None
[2025-05-30 12:10:43] ✅ Successfully inserted: Pepino
[2025-05-30 12:10:43] ✅ Inserted: Pepino — 1.35€
[2025-05-30 12:10:43] Attempting to insert product: {'name': 'Jamoncitos', 'price': 2.25, 'category': 'general', 'store_id': 'aldi', 'quantity': '1 unit'}
[2025-05-30 12:10:44] Supabase Response: data=[{'name': 'Jamoncitos', 'price': 2.25, 'category': 'general', 'store_id': 'aldi', 'quantity': '1 unit', 'id': '7fc20939-713d-4424-9c0d-bf747141d050', 'created_at': '2025-05-30T09:10:43.519101', 'image_url': None}] count=None
[2025-05-30 12:10:44] ✅ Successfully inserted: Jamoncitos
[2025-05-30 12:10:44] ✅ Inserted: Jamoncitos — 2.25€
[2025-05-30 12:10:44] Attempting to insert product: {'name': 'Burguer meat de vacuno picada', 'price': 4.15, 'category': 'general', 'store_id': 'aldi', 'quantity': '1 unit'}
[2025-05-30 12:10:44] Supabase Response: data=[{'name': 'Burguer meat de vacuno picada', 'price': 4.15, 'category': 'general', 'store_id': 'aldi', 'quantity': '1 unit', 'id': 'fa912bac-cb26-4afe-9962-0ac148383132', 'created_at': '2025-05-30T09:10:43.990126', 'image_url': None}] count=None
[2025-05-30 12:10:44] ✅ Successfully inserted: Burguer meat de vacuno picada
[2025-05-30 12:10:44] ✅ Inserted: Burguer meat de vacuno picada — 4.15€
[2025-05-30 12:10:44] Attempting to insert product: {'name': 'Máscara snorkel 180º', 'price': 14.99, 'category': 'general', 'store_id': 'aldi', 'quantity': '1 unit'}
[2025-05-30 12:10:44] Supabase Response: data=[{'name': 'Máscara snorkel 180º', 'price': 14.99, 'category': 'general', 'store_id': 'aldi', 'quantity': '1 unit', 'id': '231eae4b-86a0-42ff-bb2a-31b404d4c962', 'created_at': '2025-05-30T09:10:44.232611', 'image_url': None}] count=None
[2025-05-30 12:10:44] ✅ Successfully inserted: Máscara snorkel 180º
[2025-05-30 12:10:44] ✅ Inserted: Máscara snorkel 180º — 14.99€
[2025-05-30 12:10:44] Attempting to insert product: {'name': 'Tumbona plegable con respaldo ajustable', 'price': 9.99, 'category': 'general', 'store_id': 'aldi', 'quantity': '1 unit'}
[2025-05-30 12:10:45] Supabase Response: data=[{'name': 'Tumbona plegable con respaldo ajustable', 'price': 9.99, 'category': 'general', 'store_id': 'aldi', 'quantity': '1 unit', 'id': '5e9a7d6b-6209-4dc1-aaa3-66f25ca8e503', 'created_at': '2025-05-30T09:10:44.477495', 'image_url': None}] count=None
[2025-05-30 12:10:45] ✅ Successfully inserted: Tumbona plegable con respaldo ajustable
[2025-05-30 12:10:45] ✅ Inserted: Tumbona plegable con respaldo ajustable — 9.99€
[2025-05-30 12:10:45] Attempting to insert product: {'name': 'Paraviento de playa', 'price': 14.99, 'category': 'general', 'store_id': 'aldi', 'quantity': '1 unit'}
[2025-05-30 12:10:45] Supabase Response: data=[{'name': 'Paraviento de playa', 'price': 14.99, 'category': 'general', 'store_id': 'aldi', 'quantity': '1 unit', 'id': 'ec24b1cd-11b5-40ad-80b2-d6940fae042c', 'created_at': '2025-05-30T09:10:44.986133', 'image_url': None}] count=None
[2025-05-30 12:10:45] ✅ Successfully inserted: Paraviento de playa
[2025-05-30 12:10:45] ✅ Inserted: Paraviento de playa — 14.99€
[2025-05-30 12:10:45] Attempting to insert product: {'name': 'Bolsa térmica plegable', 'price': 6.99, 'category': 'general', 'store_id': 'aldi', 'quantity': '1 unit'}
[2025-05-30 12:10:46] Supabase Response: data=[{'name': 'Bolsa térmica plegable', 'price': 6.99, 'category': 'general', 'store_id': 'aldi', 'quantity': '1 unit', 'id': '8e011c55-7bf2-4486-bbd8-5fc0c9b3eb6f', 'created_at': '2025-05-30T09:10:45.288022', 'image_url': None}] count=None
[2025-05-30 12:10:46] ✅ Successfully inserted: Bolsa térmica plegable
[2025-05-30 12:10:46] ✅ Inserted: Bolsa térmica plegable — 6.99€
[2025-05-30 12:11:09] ✅ Aldi homepage loaded.
[2025-05-30 12:11:10] 🍪 Cookie popup accepted.
[2025-05-30 12:11:12] 🔄 Scroll 1/15 complete
[2025-05-30 12:11:14] 🔍 Found 8 products on page.
[2025-05-30 12:11:14] Attempting to insert product: {'name': 'Melón Piel de sapo', 'price': 1.69, 'category': 'general', 'store_id': 'aldi', 'quantity': '1 unit'}
[2025-05-30 12:11:15] Supabase Response: data=[{'name': 'Melón Piel de sapo', 'price': 1.69, 'category': 'general', 'store_id': 'aldi', 'quantity': '1 unit', 'id': 'e4d8d13e-e7fa-4e86-99ac-b61f5265a127', 'created_at': '2025-05-30T09:11:14.612054', 'image_url': None}] count=None
[2025-05-30 12:11:15] ✅ Successfully inserted: Melón Piel de sapo
[2025-05-30 12:11:15] ✅ Inserted: Melón Piel de sapo — 1.69€
[2025-05-30 12:11:15] Attempting to insert product: {'name': 'Pepino', 'price': 1.35, 'category': 'general', 'store_id': 'aldi', 'quantity': '1 unit'}
[2025-05-30 12:11:15] Supabase Response: data=[{'name': 'Pepino', 'price': 1.35, 'category': 'general', 'store_id': 'aldi', 'quantity': '1 unit', 'id': 'f8a314e2-c12e-4643-a36e-0faf51fd6107', 'created_at': '2025-05-30T09:11:15.015625', 'image_url': None}] count=None
[2025-05-30 12:11:15] ✅ Successfully inserted: Pepino
[2025-05-30 12:11:15] ✅ Inserted: Pepino — 1.35€
[2025-05-30 12:11:15] Attempting to insert product: {'name': 'Jamoncitos', 'price': 2.25, 'category': 'general', 'store_id': 'aldi', 'quantity': '1 unit'}
[2025-05-30 12:11:15] Supabase Response: data=[{'name': 'Jamoncitos', 'price': 2.25, 'category': 'general', 'store_id': 'aldi', 'quantity': '1 unit', 'id': '8ae2a567-6901-4166-807d-6ba89a56f60e', 'created_at': '2025-05-30T09:11:15.276368', 'image_url': None}] count=None
[2025-05-30 12:11:15] ✅ Successfully inserted: Jamoncitos
[2025-05-30 12:11:15] ✅ Inserted: Jamoncitos — 2.25€
[2025-05-30 12:11:15] Attempting to insert product: {'name': 'Burguer meat de vacuno picada', 'price': 4.15, 'category': 'general', 'store_id': 'aldi', 'quantity': '1 unit'}
[2025-05-30 12:11:16] Supabase Response: data=[{'name': 'Burguer meat de vacuno picada', 'price': 4.15, 'category': 'general', 'store_id': 'aldi', 'quantity': '1 unit', 'id': '239fcea6-9d09-4957-96f6-77657b0e6491', 'created_at': '2025-05-30T09:11:15.527382', 'image_url': None}] count=None
[2025-05-30 12:11:16] ✅ Successfully inserted: Burguer meat de vacuno picada
[2025-05-30 12:11:16] ✅ Inserted: Burguer meat de vacuno picada — 4.15€
[2025-05-30 12:11:16] Attempting to insert product: {'name': 'Máscara snorkel 180º', 'price': 14.99, 'category': 'general', 'store_id': 'aldi', 'quantity': '1 unit'}
[2025-05-30 12:11:16] Supabase Response: data=[{'name': 'Máscara snorkel 180º', 'price': 14.99, 'category': 'general', 'store_id': 'aldi', 'quantity': '1 unit', 'id': 'fa92eaf1-bd1a-4c72-ab84-3e1788b12117', 'created_at': '2025-05-30T09:11:16.043285', 'image_url': None}] count=None
[2025-05-30 12:11:16] ✅ Successfully inserted: Máscara snorkel 180º
[2025-05-30 12:11:16] ✅ Inserted: Máscara snorkel 180º — 14.99€
[2025-05-30 12:11:16] Attempting to insert product: {'name': 'Tumbona plegable con respaldo ajustable', 'price': 9.99, 'category': 'general', 'store_id': 'aldi', 'quantity': '1 unit'}
[2025-05-30 12:11:16] Supabase Response: data=[{'name': 'Tumbona plegable con respaldo ajustable', 'price': 9.99, 'category': 'general', 'store_id': 'aldi', 'quantity': '1 unit', 'id': 'a4c0b877-11c1-407a-ac06-f83089193923', 'created_at': '2025-05-30T09:11:16.301606', 'image_url': None}] count=None
[2025-05-30 12:11:16] ✅ Successfully inserted: Tumbona plegable con respaldo ajustable
[2025-05-30 12:11:16] ✅ Inserted: Tumbona plegable con respaldo ajustable — 9.99€
[2025-05-30 12:11:16] Attempting to insert product: {'name': 'Paraviento de playa', 'price': 14.99, 'category': 'general', 'store_id': 'aldi', 'quantity': '1 unit'}
[2025-05-30 12:11:17] Supabase Response: data=[{'name': 'Paraviento de playa', 'price': 14.99, 'category': 'general', 'store_id': 'aldi', 'quantity': '1 unit', 'id': 'c6bc596d-446e-421a-84a5-e413f590ef92', 'created_at': '2025-05-30T09:11:16.539952', 'image_url': None}] count=None
[2025-05-30 12:11:17] ✅ Successfully inserted: Paraviento de playa
[2025-05-30 12:11:17] ✅ Inserted: Paraviento de playa — 14.99€
[2025-05-30 12:11:17] Attempting to insert product: {'name': 'Bolsa térmica plegable', 'price': 6.99, 'category': 'general', 'store_id': 'aldi', 'quantity': '1 unit'}
[2025-05-30 12:11:17] Supabase Response: data=[{'name': 'Bolsa térmica plegable', 'price': 6.99, 'category': 'general', 'store_id': 'aldi', 'quantity': '1 unit', 'id': 'ee1132d4-8cc1-4176-b03d-034da2259e46', 'created_at': '2025-05-30T09:11:16.781872', 'image_url': None}] count=None
[2025-05-30 12:11:17] ✅ Successfully inserted: Bolsa térmica plegable
[2025-05-30 12:11:17] ✅ Inserted: Bolsa térmica plegable — 6.99€
